4550 6072
451 357 547 474 ur}
754 366 1695 496 nurrourrmamrnarr
1890 417 1984 511 ,74

398 464 583 549 bustorum
623 479 766 576 posteris
805 491 956 570 minime
995 518 1162 674 nepotum
1200 503 1236 572 A
1274 499 1349 594 sos,
1378 501 1492 580 immo
1518 508 2040 614 vilisN'abjedlae,conditio·

396 579 507 668 pulo.
531 580 770 663 tnconcttio
792 587 1065 700 ¹Aquil'gianenr
1085 605 1161 677 An·

394 674 437 749 ni
468 679 706 761 DCCCXVl.
743 693 831 793 Cap.
865 723 948 800 1¹9·
984 704 1161 805 improba·

396 788 458 852 tur
483 779 697 864 consuetudo
724 791 906 894 deligendi
930 809 1070 881 tanturn
1089 815 1161 882 Ser-

394 904 456 952 vos
482 880 524 956 ad
550 881 685 964 sacrum
713 891 970 1000 ministerium,
997 929 1104 1008 atque
1127 939 1159 985 e·

395 980 551 1076 dicitur,
580 1004 620 1062 ut
646 995 756 1068 nullus
781 1007 1011 1104 Praelnrorurn,
1034 1013 1161 1104 seclusis

394 1085 590 1181 Nobilibus,
617 1094 702 1167 viles
727 1106 855 1178 ranrbm
874 1111 917 1182 'in
937 1113 1002 1206 sua
1020 1122 1158 1212 Congre-

389 1187 522 1284 gotione
546 1194 702 1272 admittor
734 1201 906 1300 personas.
942 1219 998 1290 En
1026 1235 1066 1292 ut
1092 1225 1158 1291 No·

393 1289 475 1363 biles
493 1315 718 1396 opponantur
743 1312 885 1402 Serois;
906 1343 950 1394 ⁴ac
977 1312 1159 1419 propterea

393 1391 458 1490 qui
484 1395 611 1474 Liberi
638 1405 673 1476 δι
702 1410 851 1509 Ingenui
879 1437 1004 1511 erant,
1043 1423 1159 1499 Nobi·
1204 1405 1231 1474 Β

393 1494 446 1568 les
483 1499 745 1595 quodammodo
780 1521 936 1616 reputati
972 1522 1158 1601 uidentur.

391 1587 505 1672 fuere
532 1615 651 1722 tamten
681 1612 832 1711 Populi,
860 1623 951 1720 apud
978 1651 1067 1722 quos
1093 1627 1155 1702 tri·

389 1699 476 1797 plex
513 1699 700 1821 bominum
727 1717 815 1792 ordo
850 1720 944 1798 luit'.
980 1731 1080 1802 Haec
1116 1728 1158 1804 de

389 1801 591 1906 Saxonrbus
626 1809 732 1890 babet
768 1819 965 1900 Nithardus
1000 1828 1085 1904 Lib.
1120 1858 1156 1926 4.

390 1908 478 1974 Gens
510 1913 671 1986 Sarranum
706 1922 808 2000 ornnis
843 1924 878 1996 in
904 1927 1007 2000 tribus
1037 1932 1158 2004 ordini·

390 2007 450 2076 bus
475 2007 587 2102 diviso
613 2016 769 2104 coufistit.
796 2031 883 2096 Sunt
909 2030 993 2101 enim
1012 2031 1096 2104 inter
1114 2033 1154 2106 il.

388 2105 643 2226 losqulelengi,
673 2115 752 2210 suns
786 2128 843 2221 qui
877 2131 1046 2228 Frilingi,
1076 2135 1157 2226 sunt

387 2233 445 2304 qur
471 2213 561 2304 Lassi
587 2217 713 2290 illorum
739 2225 871 2322 Lingub
894 2231 1062 2306 dicuntur.
1089 2241 1154 2308 La·

388 2307 465 2382 rimi
491 2319 567 2382 verb
590 2319 723 2416 Lingul
748 2327 803 2398 hoc
823 2328 901 2418 srrnr
927 2335 1081 2427 Nobiles,
1101 2342 1154 2409 ln·
1196 2309 1228 2381 C

361 2411 508 2526 ¹genui,
537 2415 580 2485 Θ
598 2421 759 2498 Serviles.
787 2431 969 2506 Sententia
997 2433 1066 2510 fuit
1086 2441 1153 2512 Ca·

386 2511 485 2588 malli
529 2518 725 2618 Peregrinii
766 2526 838 2602 viri
883 2530 1075 2612 dobiillirni
1115 2539 1154 2614 in

385 2611 539 2730 Praefat.
567 2619 609 2694 ad
637 2623 728 2699 Hist.
749 2632 937 2727 Anonymi
964 2639 1152 2715 Salernita-

385 2738 427 2788 ιιι
454 2743 541 2817 pag.
562 2727 645 2820 284.
673 2729 785 2804 Tomi
815 2736 860 2808 ll.
889 2739 969 2811 Rer.
997 2741 1151 2816 italicar.

384 2822 636 2914 Langobardum
661 2827 700 2901 in
728 2832 835 2910 Italia
861 2837 1041 2914 neminem
1068 2841 1151 2917 luis·

385 2915 448 3008 le,
485 2919 547 3016 qui
583 2929 713 3001 Nobilis
739 2959 810 3008 non
838 2938 940 3016 ellet.
979 2944 1038 3016 Vir
1062 2952 1151 3018 Lun-

379 3023 563 3118 gebardus,
591 3025 712 3126 inquit
739 3034 825 3128 illc,
853 3041 981 3138 ideoque
999 3046 1150 3120 Nobilis.

384 3124 506 3216 Quam
533 3125 742 3227 opinionem
778 3136 835 3216 his
871 3144 988 3220 verbis
1024 3145 1151 3222 confir·

1274 603 1330 678 nis
1349 601 1451 680 'fuisse
1470 603 1657 686 novimus.
1685 615 1804 706 Quare
1832 617 1944 691 tutius
1966 617 2039 694 lue·
2126 651 2136 658 ·

1273 705 1324 780 rit
1350 709 1512 807 opinari,
1541 713 1636 788 inter
1664 710 1758 814 ipsos
1785 717 2037 818 Langobardos

1254 807 1413 905 'triplici
1447 813 1507 887 illi
1544 814 1730 890 hominurn
1759 817 1879 892 ordini
1915 819 2035 896 locum

1273 907 1397 1004 suillo,
1424 913 1562 991 seilicet
1587 919 1761 992 Nobilibus
1785 919 1939 1010 Liberis,
1966 920 2036 1000 srve

1273 1016 1448 1110 ingenuis,
1484 1019 1529 1104 lb·
1553 1022 1685 1093 Seruis.
1723 1025 1769 1093 Et
1796 1047 1839 1094 ex
1867 1021 1948 1120 ipssa
1977 1027 2035 1098 ln.

1273 1117 1419 1214 genuit,
1454 1119 1508 1194 uti
1535 1119 1627 1195 infra
1654 1147 1693 1196 ac
1721 1121 1807 1199 alibi
1834 1121 2033 1214 ostendam,

1273 1217 1380 1292 multi
1423 1240 1627 1322 paupertate
1666 1223 1951 1323 torquebantur,
1994 1255 2034 1302 ac

1273 1318 1374 1394 terris
1389 1323 1592 1398 excolendis
1604 1351 1745 1425 operam
1762 1323 1913 1400 dabant.
1932 1330 2032 1401 Prae.

1271 1440 1366 1495 terea
1386 1423 1467 1515 audi
1485 1427 1648 1500 Paullum
1666 1426 1867 1501 Diaconum
1883 1426 1925 1502 de
1940 1429 2030 1502 Gest.

1270 1525 1536 1624 Langobardos.
1572 1529 1657 1604 Lib.
1687 1551 1720 1622 ς.
1746 1531 1835 1628 Cap.
1862 1529 1923 1626 36.
1949 1532 2029 1605 Bre-

1269 1625 1368 1700 aiunu
1394 1628 1526 1702 Ciuitas
1551 1657 1700 1727 magnam
1719 1629 1842 1726 semper
1866 1632 2032 1706 Nobilium

1269 1733 1549 1824 Langobardorum
1576 1731 1814 1803 multitudinem
1837 1733 1969 1805 babuit.
1994 1733 2031 1808 Si

1269 1831 1522 1926 Langobardos
1548 1831 1696 1932 quisque
1734 1833 1922 1908 Nobilium
1950 1835 2031 1910 albo

1268 1927 1457 2030 inscriptus
1483 1931 1577 2025 fuit,
1604 1935 1697 2010 nihil
1724 1953 1819 2024 erat,
1847 1960 1909 2008 eur
1929 1937 2029 2010 Paul.

1267 2032 1322 2104 lua
1341 2031 1526 2110 addidisset
1551 2037 1739 2110 Nobilium.
1766 2034 1920 2110 Addidit
1939 2033 2028 2131 hoc,

1269 2151 1307 2206 ut
1329 2136 1492 2210 Proceres
1511 2163 1600 2212 unos
1626 2137 1821 2230 indicaret,
1849 2163 1936 2235 quos
1956 2139 2027 2208 Mi.

1266 2234 1342 2306 lires
1377 2234 1522 2336 sequens
1549 2257 1644 2315 aetas
1679 2238 1898 2341 appellavit.
1934 2235 2029 2316 lulra

1266 2333 1306 2410 in
1334 2336 1514 2415 Differtar.
1553 2344 1690 2418 XVIII.
1724 2345 1763 2414 de
1787 2339 1968 2436 Republica
1992 2367 2029 2414 a·

1266 2435 1547 2532 nimadvertam,
1574 2443 1696 2516 literar
1715 2439 1804 2514 olim
1825 2441 1922 2512 datas
1940 2437 2027 2512 fuis.

1267 2536 1299 2614 le
1325 2543 1437 2634 Clero,
1466 2544 1636 2614 Nobilibus
1653 2544 1689 2616 &
1706 2540 1802 2612 Plebi
1819 2537 2024 2617 civicarum.

1265 2638 1402 2730 Viden,
1440 2660 1479 2714 ut
1505 2642 1600 2714 Plebs
1626 2641 1669 2714 ab
1696 2639 1832 2716 Ordine
1859 2640 2032 2714 Nobiliore

1261 2735 1479 2830 secernatur,
1506 2768 1707 2840 quanquam
1735 2739 1826 2814 hanc
1857 2741 2027 2834 Plebem,

1261 2837 1318 2914 seu
1356 2843 1531 2942 Populum
1567 2843 1693 2920 Liberi
1730 2844 1871 2917 ramum
1908 2841 2026 2918 homi·

1262 2965 1345 3030 nes,
1372 2943 1489 3016 Servis
1515 2943 1685 3032 exelufia,
1712 2939 1991 3043 constituerent?
2023 3016 2028 3026 ,

1313 3037 1436 3135 Dixi,
1478 3044 1610 3116 Liberos
1650 3041 1811 3118 homines
1847 3040 1901 3118 sui
1941 3044 2028 3142 jusit

1262 3141 1391 3218 fullie.
1430 3143 1468 3219 si
1504 3161 1624 3222 tamen
1664 3143 1749 3220 fides
1790 3141 2027 3222 eruditiffitno

381 3249 480 3316 mare
507 3229 642 3329 pergit:
679 3243 888 3336 Langobardi
913 3272 1017 3320 omnes
1044 3249 1151 3342 sordi·
1191 3225 1224 3292 ὓ
1262 3243 1479 3346 Ducangio
1506 3247 1549 3322 ad
1576 3273 1700 3323 vocern
1728 3246 1840 3325 Liberi
1865 3244 1904 3320 in
1923 3248 2027 3328 Glois

382 3325 437 3396 ulis
462 3329 504 3400 ob
538 3332 661 3406 artibus
689 3338 812 3438 semper
845 3345 1040 3441 abstinuere,
1074 3353 1151 3424 dun

380 3429 474 3546 sebur
496 3431 595 3525 potiti
613 3435 694 3526 sunt
716 3443 895 3538 prosperis,
921 3478 958 3524 uc
983 3452 1151 3546 primaevi

382 3555 418 3599 un
452 3531 615 3628 dignitate
649 3545 844 3636 permansere
857 3575 878 3635 ,⁰
912 3553 1079 3649 nullusque
1114 3556 1148 3626 in

339 3637 342 3643 '
382 3649 451 3702 rota
472 3654 568 3728 gente
601 3638 797 3734 bibebatur,
833 3649 890 3742 qui
923 3654 1149 3726 Sublimis&

379 3729 549 3824 illustris,
584 3738 639 3810 boe
673 3741 716 3828 esi
741 3747 925 3838 Patritius,
961 3779 1023 3825 non
1049 3755 1146 3847 cense-

378 3852 486 3904 rerur.
512 3837 555 3906 ln
581 3839 740 3918 eamdem
768 3843 978 3926 sententiam
1008 3855 1144 3930 conces·

381 3928 424 4026 bt
450 3931 486 4005 δι
513 3935 663 4016 Cosmus
686 3944 730 4020 de
754 3949 874 4027 Arena
899 3949 937 4026 in
959 3954 1053 4030 Serie
1073 3959 1146 4030 Du·

1234 3341 1353 3422 'sario
1381 3348 1545 3439 Latino,
1579 3347 1854 3428 Liberibominer
1882 3347 2026 3444 subpi-

1262 3449 1393 3520 rrorinio
1416 3451 1555 3546 alicujus
1580 3448 1635 3545 esse
1653 3452 1830 3540 debebant,
1857 3476 1911 3520 ner
1927 3451 2025 3529 omnic

1262 3577 1302 3620 no
1330 3549 1386 3642 sui
1405 3548 1495 3643 juris
1520 3573 1633 3625 erant.
1670 3554 1785 3630 Hanc*
1802 3547 1840 3626 in
1866 3576 1939 3624 rem
1966 3549 2025 3624 ad·

1263 3649 1328 3726 fert
1355 3649 1420 3724 ille
1446 3653 1554 3726 verba
1571 3649 1758 3732 divisionis
1786 3651 1931 3752 Imperii
1954 3655 2025 3728 Ca·

1261 3751 1331 3826 roli
1365 3756 1421 3828 M.
1448 3757 1536 3852 Cap.
1574 3760 1608 3830 8.
1635 3751 1826 3828 videlicet:
1864 3755 2026 3852 Praecipia

1261 3881 1352 3945 mus,
1388 3876 1424 3926 ut
1458 3855 1626 3952 quemlibet
1660 3855 1810 3928 Liberum
1844 3857 1998 3930 bominem
2010 3911 2025 3946 ,

1262 3956 1317 4053 qui
1341 3957 1501 4030 dominum
1518 3956 1612 4050 suurn
1639 3977 1747 4030 contra
1771 3959 1970 4032 voluntatem
1993 3986 2025 4036 ru

379 4055 463 4149 pum
499 4037 651 4154 Tusciae
689 4073 765 4150 pag.
803 4075 862 4149 24.
890 4057 1024 4132 Verum
1061 4055 1146 4134 haec
1256 4057 1314 4151 jus
1348 4059 1526 4151 dimiseris,
1562 4061 1606 4129 (J
1638 4059 1678 4130 bc
1703 4085 1764 4136 uos
1791 4067 1903 4156 Regno
1929 4059 1964 4130 in
1987 4083 2024 4132 a·

259 4149 274 4174 ·
379 4155 556 4214 antentrus
585 4154 821 4247 perpendens,
848 4181 973 4232 vereor
997 4174 1038 4236 ut
1063 4157 1146 4235 soli.
1191 4149 1220 4219 Ε
1260 4161 1332 4234 liud
1368 4159 1523 4257 proseblus
1557 4160 1685 4252 suerit,
1721 4187 1817 4258 nsque
1851 4161 1915 4255 ipsa
1947 4167 2021 4246 Ru*

379 4231 435 4310 dis
463 4235 701 4326 fundamentis
732 4253 934 4356 hujusmodi
972 4259 1146 4338 sententia
1253 4262 1431 4360 suscipiet,
1468 4286 1565 4359 neque
1599 4262 1776 4336 liminibus
1804 4261 1874 4353 filli
1899 4261 2023 4353 ⁶⁰³⁸!st

379 4333 536 4458 nitapup.
564 4349 658 4440 Quia
683 4352 780 4430 enim
805 4378 939 4435 certum
956 4359 1053 4438 ¹fecit
1082 4367 1144 4440 Pe·

379 4461 602 4546 regrrmum3
641 4455 775 4528 nullam
813 4458 988 4536 sordidam
1015 4467 1144 4538 Artem

376 4541 400 4614 i
426 4546 673 4644 Langobardis
699 4556 846 4632 electam
874 4561 997 4638 fuisse?
1033 4569 1145 4641 Erant

341 4654 345 4662 '
377 4645 535 4740 Ancillae
570 4654 847 4754 Langobardae,
884 4662 939 4737 uti
966 4692 1010 4738 ex
1047 4666 1144 4765 Lege

379 4771 466 4846 194.
495 4751 662 4832 Rotbaris
694 4757 872 4836 deduxisse
899 4789 955 4840 me
991 4782 1078 4862 puto
1104 4769 1142 4844 in

377 4850 487 4934 Notis
514 4853 558 4930 ad
584 4859 742 4938 eamdem
775 4867 931 4966 Legem.
968 4871 1046 4944 Cur
1070 4895 1142 4946 non

373 4958 410 5032 ir
449 4958 546 5032 &roi
585 4959 718 5040 fuerint
757 4991 802 5042 ex
843 4967 965 5044 eadem
1009 4969 1141 5070 gente?

375 5062 454 5142 flos
480 5077 574 5142 certe
599 5067 619 5142 ὲ
647 5067 840 5148 Nobilium
876 5090 981 5152 coetu
1021 5075 1143 5152 exclu-

1260 4366 1345 4456 riar,
1381 4383 1418 4434 ur
1452 4365 1550 4436 salem
1583 4364 1737 4436 bominem
1772 4362 1925 4458 recipiant
1952 4364 2022 4440 tic.

1260 4472 1327 4538 Hoc
1351 4491 1413 4538 non
1433 4466 1538 4560 solim
1563 4467 1602 4538 de
1620 4465 1769 4558 Liberis,
1790 4467 1848 4558 sed
1865 4466 1961 4538 etium
1979 4467 2021 4542 de

1257 4565 1369 4640 Seruis
1388 4567 1546 4666 sugitivis
1563 4567 1738 4658 statuimus
1763 4569 2020 4662 observandum,

1258 4689 1295 4740 ut
1328 4669 1420 4741 nulle
1454 4669 1619 4762 dissordiis
1653 4671 1854 4768 relinquatur
1888 4670 2020 4758 occasio.

1257 4773 1321 4845 Me
1347 4767 1409 4846 fibi
1436 4769 1475 4845 in
1502 4769 1703 4870 hujusmodi
1739 4771 1914 4848 sententia
1949 4773 2020 4848 rni-

1257 4871 1354 4946 nime
1393 4870 1672 4950 consentientem
1708 4872 1767 4948 vir
1801 4873 2020 4950 douiffimuc

1257 4971 1419 5050 habebit.
1448 4973 1555 5050 Nihil
1582 4975 1678 5052 aliud
1705 4975 1797 5052 mibi
1824 4973 2019 5070 fignificat·

1257 5073 1399 5154 uidetur
1432 5077 1583 5154 Carolus
1618 5083 1794 5183 Magnus,
1829 5075 1894 5151 nili
1921 5101 2022 5192 mene

1919 5195 1968 5256 tra
