4570 6096
439 395 495 482 ς,
729 359 1142 486 arctoum
1198 363 1676 460 nanti-nour
1903 382 1961 482 ,a

318 553 322 562 ,
374 481 552 584 mamis,
586 479 734 577 justitias
763 486 933 578 faciendas
965 515 1004 560 ae
1026 489 1145 560 delibe·
1180 489 1216 560 A
1254 489 1442 564 Accedunt
1466 488 1601 561 seuvini
1636 481 1850 588 praelaudati
1881 481 2015 560 Comini

375 587 500 659 rander
540 583 610 658 οο.
654 591 774 658 Eorum
818 588 952 660 veniens
987 587 1148 685 presentia

378 685 553 785 Rotgerius
577 683 677 778 filius
701 691 857 786 quondam
883 692 1066 776 Romaidi,
1102 691 1147 760 Φ·

377 790 605 884 Emengarda
619 787 703 880 filia
727 794 884 886 quondam
918 789 1068 884 Gniduifi
1089 790 1143 883 s'r·

375 890 508 987 galibas
534 891 603 960 &c
632 891 797 964 Alterum
824 891 913 966 item
940 891 1017 966 vidi
1043 891 1144 964 habi·

378 1007 457 1063 turn
494 991 514 1062 h
549 987 673 1085 Ceffom
704 993 846 1063 Diacono
880 992 918 1066 in
955 992 1144 1068 Comitatu

374 1091 574 1191 Bergomi,
610 1091 704 1190 quod
733 1093 805 1190 jam
832 1093 937 1167 attuli
974 1093 1012 1167 in
1049 1119 1143 1192 prac-

383 1191 522 1267 redenti
550 1191 802 1268 Differtatione
827 1197 867 1266 de
892 1196 1093 1270 comitibus.

431 1297 601 1370 Ceterum
638 1292 742 1367 facile
777 1295 924 1370 Letiori
960 1295 1067 1370 fuerit
1100 1325 1143 1372 ex

1255 591 1421 686 Bosom’s:¹
1446 589 1541 689 quod
1576 588 1631 662 uti
1658 615 1711 662 res
1745 613 1821 660 rara
1857 587 2017 660 animad-

1254 693 1464 768 vertendum
1500 689 1566 764 est.
1606 689 1684 762 Post
1723 715 1786 762 eos
1822 685 2017 784 sequuntur

1253 795 1393 887 Semini
1415 791 1576 866 Civitatis
1600 789 1827 872 Taurinenfis.
1853 787 2017 886 Denique

1257 897 1343 990 Vaffi
1379 893 1531 994 ejusdem
1568 893 1722 988 Ratperti
1756 889 1909 962 Comitis.
1953 893 2016 962 Pa·

1256 1023 1329 1071 reru
1365 995 1474 1070 ferme
1508 993 1669 1066 ordinem
1705 989 1929 1064 observatum
1961 989 2027 1061 vit.

1257 1097 1338 1172 deas
1373 1098 1411 1172 in
1447 1097 1560 1169 altero
1597 1092 1775 1180 Placito,
1808 1090 1903 1187 quod
1939 1109 2018 1164 tan.

1259 1224 1365 1298 quam
1407 1199 1599 1297 Delegatus
1640 1191 1787 1267 subinde
1821 1191 2017 1265 celebravit

1259 1302 1352 1376 idem
1379 1306 1489 1372 Comes
1513 1305 1709 1392 thpaenus.
1742 1291 1779 1366 si
1806 1292 1844 1366 ia
1871 1289 2018 1366 authen.

383 1395 625 1495 compluribus
666 1393 834 1470 haetenus
873 1397 992 1471 allatis
1027 1425 1145 1472 exem·
1191 1395 1220 1466 B
1258 1402 1334 1476 tico
1368 1427 1488 1476 revera
1523 1400 1654 1499 legitur
1689 1391 1869 1470 commiffa
1905 1391 2018 1467 caussa
2101 1489 2104 1496 Ι

383 1496 457 1598 piis
493 1493 713 1594 perspicere,
754 1517 885 1596 quanta
921 1498 1146 1574 solemnitate

386 1595 523 1672 Placita
551 1596 641 1671 olim
670 1597 881 1674 haberentur
899 1602 919 1672 h
939 1599 1054 1675 Miffis
1080 1605 1144 1675 Re·

385 1697 557 1800 giis.1is
584 1697 717 1799 quippe
742 1699 784 1775 de
812 1727 934 1792 more,
969 1703 1033 1776 nist
1062 1703 1147 1804 justa

386 1799 499 1874 cauffo
534 1799 787 1893 intercederet,
824 1805 1033 1902 jubebantur
1064 1806 1147 1902 Epi-

379 1900 468 2000 scopi
494 1901 527 1971 8<
554 1902 691 1971 Comites
726 1902 855 1976 adesse.
890 1905 951 1976 Ad
985 1931 1025 1976 ea
1059 1931 1147 2001 quo·

226 2053 229 2060 ·
385 2027 456 2100 que
491 2025 535 2072 ex
573 2002 709 2100 Legum
747 2001 1146 2100 praescriptoadvoca·

386 2101 515 2176 bantur
530 2106 562 2191 J
563 2102 689 2193 udices,
715 2105 749 2175 &
768 2105 924 2177 scavini.
952 2107 1148 2178 Intererant

387 2203 499 2278 etiam
526 2201 633 2276 multi
660 2203 781 2290 testes,
817 2207 852 2278 ἃ
880 2203 1025 2280 honoris
1053 2204 1146 2281 caus·

379 2305 425 2379 'si
450 2307 637 2405 Magnates
663 2305 748 2380 alii.
775 2305 886 2400 Quali
915 2333 1002 2382 vero
1024 2307 1149 2382 ordine
1189 2295 1220 2365 C

385 2403 571 2481 affidereot
590 2405 644 2480 isti
656 2435 676 2500 ,‘
694 2435 737 2483 ex
758 2407 874 2484 nobili
895 2409 1035 2485 Placito
1052 2413 1149 2486 Tau·

386 2505 515 2584 rinenfi
542 2507 700 2604 patebit,
737 2513 836 2612 cujus
862 2515 1064 2611 exemplum
1091 2512 1148 2586 de·

387 2609 457 2682 heo
483 2605 640 2680 benefico
667 2635 748 2707 erga
775 2637 833 2682 me
851 2637 890 2681 ac
917 2612 1058 2684 Literas
1078 2637 1149 2682 me·

387 2709 498 2784 liores
535 2705 647 2780 dudio
688 2707 951 2804 praeclariffimi
992 2709 1151 2782 Comitis

224 2779 227 2786 ,
385 2807 571 2887 -Ludovici
608 2807 798 2900 Caifl'otti,
834 2807 946 2883 Primi
985 2807 1150 2883 Prnefidis

389 2908 616 2986 Taurinensn
652 2895 824 2984 Senatus.
862 2909 1149 2985 Praestantiorem

365 3009 563 3086 uidelicet
597 3009 706 3084 ineo
742 3013 861 3086 locum
896 3012 1037 3086 obtinet
1072 3012 1153 3106 Bosa

373 3119 500 3186 ,carnes
525 3111 570 3182 th·
603 3107 724 3204 Missus
758 3113 938 3190 Ludo-vici
975 3112 1056 3208 Pii,
1092 3132 1153 3189 aut

385 3211 560 3292 ‘Lotharii
587 3215 615 3286 1.
644 3215 890 3315 Imperatoris.
925 3220 1023 3292 Tum
1059 3215 1152 3292 sedet
1193 3205 1226 3274 D

390 3317 552 3390 Claudius
578 3315 752 3416 Episcopus
776 3319 1008 3411 Taurinenfir,
1033 3319 1097 3394 itte
1123 3318 1151 3394 i·

391 3417 501 3506 dem,
528 3413 591 3514 qui
617 3443 661 3493 err
688 3417 827 3495 indicto
854 3421 957 3498 sacris
984 3420 1153 3521 Imagini·

393 3519 458 3594 hus
485 3518 583 3593 bello
616 3517 767 3596 famosas
793 3521 922 3614 evafit,
958 3525 993 3596 δι
1020 3523 1151 3597 Catho-

391 3619 484 3697 licae
510 3618 662 3694 Ecclefie
687 3621 810 3693 odium
837 3621 876 3693 in
902 3620 937 3694 se
954 3619 1157 3694 derivarit.

394 3720 560 3820 Succedit
579 3725 757 3811 Rutpmus
774 3725 903 3810 Comae,
930 3717 998 3792 hoc
1016 3721 1063 3795 est
1080 3722 1152 3792 Gu-

391 3811 621 3892 -bernator'te
651 3815 789 3892 Praesee
814 3817 990 3894 Civitatis
1025 3818 1154 3894 Tauri·

395 3914 533 3992 nenfis.
570 3913 649 3990 1²0st
683 3915 788 3991 ilium
824 3917 1044 3996 recensentur
1071 3921 1156 4014 Vaffi

395 4015 599 4119 imperaretis
604 4044 629 4110 ,⁰
644 4017 772 4095 deinde
782 4025 814 4116 J
815 4020 919 4094 udices
936 4021 1157 4123 Imperatoris.

1261 1503 1375 1579 eidem
1412 1501 1575 1590 comiti,
1611 1519 1649 1569 art
1672 1499 1847 1592 diligenter
1879 1495 2019 1591 inquire»

1259 1627 1306 1677 ret
1322 1663 1341 1698 ,.
1369 1607 1414 1676 Φ·
1438 1634 1476 1678 ea
1504 1603 1633 1694 secondo
1666 1598 1770 1696 Leggi
1802 1596 1858 1668 vei
1882 1601 1914 1686 J
1915 1593 2020 1690 restire

1258 1708 1392 1780 liberare
1411 1703 1560 1800 fecisset:
1591 1701 1696 1776 habes
1723 1698 1802 1772 heic
1828 1696 2017 1770 formulam

1262 1807 1400 1908 vulgari
1446 1805 1572 1880 Italici
1615 1803 1758 1902 Lingud
1801 1797 2019 1896 expreffam.

1262 1913 1387 2006 Neque
1405 1905 1666 1992 omittendum,
1694 1899 1915 1973 mentionem·
1932 1923 2020 1994 quo·

1260 2001 1651 2182 cocuntur
1671 1995 1948 2175 §attint
1974 1999 2017 2171 ²¹3

1946 2152 1958 2189 5

1262 2235 1318 2284 me
1344 2205 1434 2284 editi
1470 2209 1548 2281 Par.
1581 2207 1628 2278 11.
1653 2200 1766 2277 Tomi
1793 2203 1849 2274 ΙΙ.
1878 2203 1958 2272 Rer.
1986 2203 2020 2272 Ι-

1261 2311 1358 2386 talic.
1385 2335 1462 2412 pag.
1488 2331 1598 2406 721.,
1630 2303 1686 2378 sed
1713 2327 1785 2376 non
1810 2300 1880 2374 fine
1905 2300 2020 2374 Chro-

1261 2411 1437 2511 nologicis
1461 2409 1658 2495 erroribus,
1684 2407 1718 2476 ar
1745 2399 1924 2474 Frodoino
1943 2401 2020 2474 Ab·

1261 2515 1341 2585 hate
1375 2511 1465 2584 illuc
1499 2531 1677 2606 perperam
1713 2499 1868 2576 intruso.
1895 2504 2020 2598 Atque

1260 2639 1304 2684 ert
1331 2609 1386 2683 his
1413 2605 1646 2684 emendandus
1671 2601 1859 2704 ughellius
1886 2599 1928 2674 iu
1949 2605 2020 2676 tra·

1262 2710 1331 2784 liae
1358 2715 1479 2784 Sacrae
1514 2712 1635 2782 Tomo
1661 2709 1752 2796 lV.,
1787 2701 1849 2800 qui
1877 2703 1921 2775 ab
1946 2704 2021 2802 eju.

1263 2811 1356 2884 sdern
1383 2808 1557 2886 Chroni'ci
1577 2807 1735 2882 Audiore
1756 2803 1942 2901 deceptus,
1969 2805 2020 2876 al-

1262 2932 1377 2988 terum
1409 2911 1583 2985 Claudium
1617 2908 1796 2984 Seniorern
1832 2904 2024 3001 Episcopum
2084 2923 2087 2931 ·

1262 3013 1510 3106 Taurinensem,
1536 3031 1617 3088 ante
1643 3015 1793 3084 Annum
1810 3005 1885 3082 ch.
1903 3009 2021 3082 DCC·

1264 3121 1433 3194 mlv,
1469 3133 1509 3190 ut
1549 3116 1582 3190 is
1614 3112 1805 3212 opinatur,
1844 3105 2023 3198 ereetum,

1264 3218 1366 3294 nobis
1392 3216 1568 3292 obtrusit.
1602 3220 1703 3298 Unus
1729 3210 1887 3287 Claudiae
1910 3207 2023 3282 famo·

1265 3319 1341 3412 sus,
1377 3320 1432 3394 uti
1468 3320 1626 3418 aiebant,
1662 3309 1886 3390 Taurineniis
1912 3307 2022 3384 Anti·

1266 3423 1347 3508 ster,
1377 3423 1413 3492 ἃ
1440 3420 1459 3489 h
1487 3417 1674 3492 Ludorico
1703 3413 1770 3482 Pio
1794 3407 1952 3505 Augusto
1977 3409 2023 3483 ad

1265 3545 1343 3592 eam
1370 3515 1492 3590 Sedent
1528 3516 1669 3588 incaute
1705 3526 1910 3608 promotus,
1947 3507 2023 3582 Pri.

1266 3639 1354 3691 mus·
1369 3614 1461 3700 fuit,
1500 3639 1572 3686 non
1598 3611 1795 3700 Secundus,
1830 3607 1933 3708 hujus
1959 3635 2023 3682 no·

1268 3707 1386 3792 minie'
1421 3714 1613 3816 Episcopus
1658 3707 1911 3787 Tamicensis.
1957 3710 2024 3785 Sed

1267 3821 1337 3919 jam
1372 3818 1513 3894 tandem
1550 3815 1719 3889 Chartam
1755 3810 1906 3912 ejusdem
1943 3815 2024 3886 Pia.

1266 3921 1360 4012 citi,
1400 3919 1469 3996 five
1513 3915 1736 4020 geminorum
1783 3911 2025 4006 Placitoeura,

1264 4022 1407 4125 accipe.

440 4237 667 4355 Judicaturn
697 4242 858 4332 Bosonis
888 4241 1061 4334 Comitia
1091 4249 1131 4332 dt
1162 4244 1272 4334 Miffi
1302 4239 1471 4331 Domini
1502 4237 1773 4356 Imperatoria,
1801 4233 1983 4325 emiffunr
2071 4347 2077 4356 ι

487 4357 661 4466 Τιυιίυἰ
690 4359 732 4446 in
763 4368 888 4450 Curre
919 4371 1114 4469 Ducatur,
1143 4394 1227 4480 quo
1254 4359 1497 4466 decernitur,
1536 4359 1721 4476 quosdam
1756 4353 1937 4444 homiues

555 4481 697 4566 Servor
716 4477 788 4566 effe
812 4483 1042 4571 Mouasterii
1064 4481 1366 4570 Novalicieofis.
1388 4479 1539 4566 causam
1560 4502 1700 4592 agente
1720 4473 1881 4564 Eidem·
1979 4499 1983 4505 ·

655 4595 709 4684 do
736 4595 908 4711 ejusdem
939 4599 1173 4688 Mooasserii
1203 4601 1386 4708 Abbate,
1415 4603 1538 4684 Anno
1568 4599 1646 4682 Ch.
1679 4597 1781 4708 827.

451 4835 490 4908 N
511 4831 577 4908 Dei
598 4801 740 4907 nomine.
759 4833 890 4908 Neritia
900 4834 1077 4928 judicati,
1096 4859 1173 4932 qaa-

476 4937 550 5010 liter
582 4935 681 5028 atio,
716 4935 771 5008 uei
803 4933 942 5030 dejicite
977 4935 1020 5024 eli
1054 4935 1172 5030 causa,

402 5039 596 5119 rum-uoto
621 5041 780 5137 Comes,
816 5037 873 5114 uel
896 5037 1007 5117 Mitto
1034 5037 1170 5115 Domni

1271 4827 1528 4932 Imperatoria,
1568 4825 1719 4922 refidilser
1757 4828 1844 4919 infra
1880 4819 2027 4898 Ciuitate

1269 4931 1461 5019 Taurinensi
1496 4931 1606 5004 Curris
1647 4930 1792 5019 Durati,
1834 4928 1868 4998 in
1901 4923 2027 4998 Placite

1263 5035 1422 5136 publico,
1451 5035 1500 5110 ad
1514 5031 1715 5134 stragulatam
1735 5027 1895 5104 boninum
1918 5023 2028 5114 emesae

1844 5127 1991 5202 auditu..
