4566 6062
481 377 568 496 ‘525
776 373 1191 498 ANTQettT.
1249 378 1485 472 munt!
1536 381 1714 512 Anne
1770 489 1772 494 .
1919 400 2007 504 526
2134 511 2138 520 Ι

478 595 694 794 TeJalZJertnsr¹
732 597 888 674 Notarius
923 603 968 678 od
1004 600 1106 676 vicem
1146 601 1266 675 Vitalis
1302 583 1455 702 Episcopi
1493 602 1783 678 Arebirantellarii
1821 606 2060 704 recognovi&

501 776 509 794 0
545 725 564 768 n
602 719 667 802 errp
680 723 717 776 t.
1925 715 1927 722 ‘

479 910 573 982 Data
609 911 651 978 Χ.
677 905 848 985 Kalendas
880 909 1096 1006 Septembris,
1130 919 1232 986 Anno
1267 911 1500 986 lncamationit
1533 911 1670 986 Domini
1702 912 1800 1000 nostri
1824 911 1910 1005 Jesrt
1942 913 2066 1002 Christi

529 1009 709 1084 DCCCCI.
734 1016 936 1086 Annonem
962 1015 1083 1086 Domni
1108 1015 1298 1112 Berengarii
1318 1014 1528 1112 gloriofiffimi
1553 1016 1657 1114 Regis
1683 1018 1772 1090 XIV.
1798 1011 1979 1088 Indillr'nrtt
2004 1019 2066 1090 W.

476 1205 607 1288 {Atium
633 1219 770 1288 Veronae
796 1215 833 1292 irs
856 1217 923 1292 Dei
947 1219 1071 1292 nomine
1090 1217 1252 1310 feliciter.
1277 1223 1415 1292 Amen.

481 1421 525 1492 Itt
551 1419 685 1506 Charta
711 1420 819 1498 etiam
839 1423 940 1500 Anni
959 1423 1192 1500 MCLxxx.
1229 1425 1264 1496 A
1301 1440 1385 1497 runt
1411 1438 1529 1498 autem
1554 1422 1744 1500 &Liberi
1779 1421 1945 1498 homines
1977 1449 2063 1520 pau·

431 1523 537 1596 Vlll.
576 1550 683 1623 quarn
724 1523 896 1625 proferam
932 1527 971 1602 in
1012 1527 1192 1601 Diliertat.
1301 1525 1424 1624 peres,
1451 1553 1541 1622 quos
1567 1529 1664 1598 nulla
1685 1524 1886 1599 foedaverat
1912 1523 2062 1600 servitu·

431 1625 794 1720 muneratoris,
822 1627 1021 1704 Fridericus
1057 1631 1086 1702 1.
1123 1631 1194 1702 Itn-
1233 1701 1235 1704 ,
1300 1625 1347 1700 tis
1374 1645 1485 1700 nota.
1515 1631 1633 1700 Patres
1660 1626 1821 1701 Concilii
1849 1625 2061 1725 Moguntini

429 1742 572 1824 perator
596 1726 691 1804 inter
710 1727 780 1804 alia
805 1729 953 1830 Regalis
979 1733 999 1806 b
1025 1734 1193 1806 Cremen·
1302 1732 1411 1803 Anno
1439 1726 2001 1803 DCCCXLV11.babitiTomo
2028 1733 2063 1802 8.

429 1826 521 1900 libus
549 1829 689 1925 petebat
714 1832 872 1903 deterrit
910 1833 1065 1904 Militum
1098 1856 1193 1926 qnar-
1302 1828 1501 1902 Concilior.
1537 1831 1757 1903 Labbeanor.
1797 1833 1989 1916 Monemns,
2025 1857 2063 1900 a.

429 1946 526 2018 tum,
551 1931 591 1999 cle
632 1930 738 2002 ceteris
771 1938 847 2004 vert
879 1933 1032 2006 tertium.
1068 1933 1195 2028 Neque
1298 1927 1406 2020 inat,
1444 1929 1583 2026 Regiam
1618 1931 1770 2028 pietatem
1802 1931 1844 2000 ele
1879 1929 2066 2025 oppreffitne

431 2025 519 2102 hacc
555 2026 634 2104 sane
671 2030 852 2130 postremis
887 2031 1105 2150 temporibus
1140 2031 1194 2104 in·
1304 2031 1487 2104 Liberorum
1511 2053 1705 2128 pauperum,
1732 2051 1768 2102 nt
1792 2034 1814 2102 l
1837 2027 2073 2126 potentioribus·

429 2127 574 2218 llituta.
600 2133 751 2216 Carolus
778 2135 834 2207 Μ.
858 2133 898 2207 in
926 2136 1133 2230 Drplomate
1161 2159 1195 2206 a·
1302 2155 1358 2227 per
1383 2133 1514 2228 aliquod
1540 2133 1659 2204 malam
1685 2133 1846 2230 ingenium
1871 2157 1931 2202 non
1958 2130 2066 2225 appri-

430 2230 503 2332 pud
530 2233 722 2331 Campium
750 2237 859 2308 Tom.
896 2239 924 2310 1.
961 2234 1107 2308 Hister..
1129 2238 1195 2308 Ec·
1306 2253 1454 2322 mantne,
1473 2235 1529 2304 nel
1554 2253 1727 2330 rogantur,
1753 2255 1789 2305 nt
1816 2257 1862 2304 res
1880 2233 1958 2324 [aar
1983 2257 2068 2302 uen-

432 2329 514 2416 clel'.
543 2335 698 2410 Placent.
737 2337 881 2426 Iuliano
906 2335 1060 2436 'ejtrsdem
1088 2334 1196 2410 Urbis
1239 2331 1268 2402 B
1304 2342 1386 2408 dant
1416 2333 1487 2418 stne
1522 2339 1654 2412 tradant
1690 2339 1759 2408 &a
1796 2335 1839 2406 dr
1874 2355 1910 2405 ert
1937 2332 2068 2428 saepius

430 2433 587 2512 Praeluli
616 2441 725 2535 Auno
762 2439 1002 2512 DCCCVIH.
1029 2435 1196 2512 conceffit

431 2561 550 2613 omnem
574 2535 807 2630 jndiciariam,
833 2541 888 2612 uel
921 2566 1010 2609 omne
1042 2541 1197 2608 teloneum

432 2639 473 2715 de
499 2644 597 2710 Curre
622 2639 787 2729 Gustant,
814 2660 881 2712 tant
905 2641 947 2710 dr
970 2639 1195 2726 Arimannis,

432 2763 528 2836 qnam
556 2739 599 2810 (9·
624 2745 665 2812 de
688 2741 766 2814 aliis
787 2740 912 2812 Liberis
937 2739 1116 2808 bominibus
1139 2759 1196 2828 per

431 2859 618 2923 memorares
635 2837 745 2928 fines,
771 2839 904 2927 omnia,
930 2840 1056 2932 quaed
1082 2835 1193 2906 Publi·

432 2935 493 3034 to(
509 2934 593 3013 idest
619 2938 639 3008 l
669 2936 782 3036 Regio
809 2935 912 3011 Fisco
938 2936 1066 3033 antea)
1092 2937 1195 3032 exige·

432 3041 574 3142 bantur.
613 3040 777 3136 Denique
816 3038 859 3111 ad
897 3035 1197 3135 intelligendum,

432 3139 520 3240 quid
546 3140 748 3214 Arimannia
774 3137 1002 3239 fignificsrit,
1028 3137 1104 3210 ului
1131 3137 1197 3212 elie

1306 2462 1366 2507 non
1385 2433 1478 2528 fiant
1502 2438 1642 2508 manniti
1668 2435 1778 2533 (idest
1797 2433 1936 2508 viritim
1962 2457 2068 2506 voca·

1305 2536 1360 2634 ti)
1395 2547 1440 2609 ad
1463 2539 1620 2624 Placita,
1646 2535 1710 2614 nili
1737 2535 1821 2618 fient
1847 2535 1881 2604 irs
1915 2536 2071 2606 dominico

1305 2635 1517 2726 capitulari.
1545 2639 1652 2728 Supra
1679 2661 1722 2707 ex
1749 2633 1882 2708 Charta
1911 2631 2070 2708 Archivi

1306 2729 1450 2804 Ellenfis
1469 2729 1687 2822 didicimus,
1708 2736 1906 2806 Arimannor
1925 2733 2072 2806 corbion

1305 2825 1416 2906 fuiffe'
1440 2833 1549 2902 venite
1584 2841 1628 2934 ael
1667 2837 1862 2906 Placitum.
1899 2838 1993 2930 Ergo
2031 2837 2071 2906 δι

1305 2934 1389 3006 hinc
1415 2930 1676 3031 intelligimur,
1696 2943 1894 3006 Alamannos
1913 2935 1949 3004 bt
1976 2934 2073 3006 Libe.

1283 3061 1354 3104 ¹tor
1380 3031 1475 3107 idem
1503 3029 1629 3109 inille.
1658 3039 1795 3108 interea
1832 3035 2071 3134 Du·Cangius

1306 3134 1514 3210 sententiam
1541 3137 1700 3210 Goldalli
1728 3138 1879 3236 probat,
1916 3134 2070 3209 scriben-

432 3240 528 3342 pnli'e
555 3239 847 3316 uideturCharta
868 3239 994 3314 itidem
1017 3239 1195 3312 Veronen·
1234 3227 1266 3300 C
1308 3239 1376 3328 tis,
1411 3263 1471 3310 eos
1508 3240 1716 3310 Herimannos
1752 3241 1967 3338 appellatos,
2003 3237 2069 3336 qui

433 3342 477 3418 fis
497 3341 680 3420 abeodem
703 3342 874 3443 Uglrellio
895 3340 1061 3443 produlia
1088 3345 1198 3414 Tnm.

434 3449 482 3520 V.
510 3471 587 3546 pag.
613 3469 701 3541 742.
727 3444 766 3518 in
793 3443 994 3518 Theobaldi
1030 3441 1198 3540 Episcopi
1248 3483 1251 3488 ·

434 3545 646 3628 Veronenfis
672 3545 776 3636 vita,
798 3545 841 3620 de
868 3572 939 3643 quo
959 3545 1044 3618 haec
1070 3541 1200 3640 scripta

435 3647 518 3726 sunt
544 3646 687 3724 circiter
712 3651 860 3720 Annum
896 3649 1076 3720 MCLlV.
1112 3651 1202 3717 Duos

436 3750 513 3823 item
539 3748 664 3836 rullicot
686 3748 884 3820 Arimantos
906 3749 947 3817 de
970 3751 1084 3818 Monte
1107 3751 1203 3818 alitro

374 3889 379 3898 ·
433 3871 494 3948 pro
527 3871 650 3946 arrepta
680 3850 813 3946 pecunia
839 3849 999 3924 alienavit
1013 3874 1030 3916 .·
1064 3847 1203 3942 triginta

442 3951 519 4024 item
545 3951 586 4022 Θ
607 3949 727 4047 septem
762 3953 886 4038 ruslisos'
920 3951 960 4022 de
994 3949 1202 4020 Roueelara:

440 4077 539 4124 unum
564 4051 660 4125 etiam
685 4055 861 4151 deporto.
895 4049 976 4126 vollii
1010 4075 1113 4124 omnes
1143 4071 1203 4145 pro

1307 3338 1423 3412 forent
1448 3341 1587 3410 homines
1619 3341 1802 3430 militares,
1840 3343 1883 3410 Θ
1902 3338 2070 3430 ‚benefitia

1308 3469 1343 3512 nt
1366 3439 1499 3536 praedia
1525 3445 1567 3513 ab
1594 3446 1780 3538 imperatore
1813 3437 1942 3532 cancellis
1974 3439 2070 3534 pnffi.

1308 3549 1439 3633 alerent,
1465 3538 1635 3615 videlicet
1664 3539 1800 3634 Vaffalli
1823 3543 1978 3612 minaret.
2007 3539 2070 3609 Vel

1308 3665 1413 3732 terte,
1450 3641 1566 3719 subdit
1593 3643 1665 3741 ipse
1693 3641 1947 3742 Ducangius,
1981 3639 2069 3712 Aea·-

1310 3743 1446 3836 manni,
1466 3745 1539 3837 seat
1583 3747 1770 3818 Herimanni
1803 3744 1891 3835 fuere
1931 3741 2071 3840 ipsarum

1311 3849 1469 3919 Vallatum
1505 3847 1623 3918 incolae
1656 3847 1779 3940 prorsus
1803 3842 1924 3930 diuetst
1948 3849 1973 3915 d
1996 3851 2071 3915 Str·

1309 3950 1383 4020 nis.
1407 3953 1493 4021 Sunt
1513 3947 1592 4020 heic
1612 3948 1731 4045 aliqua
1751 3947 1823 4020 veri
1845 3944 1995 4036 fimilia,
2011 3943 2069 4018 scd

1310 4045 1459 4122 minime
1486 4067 1601 4122 certa.
1628 4049 1735 4143 Quod
1762 4049 1994 4121 adnitentum
2020 4048 2072 4116 ia·

439 4177 565 4250 arrepta
599 4153 734 4252 pecnnia
762 4210 775 4245 ,
815 4182 869 4227 nrt
907 4151 1127 4226 vadimonium
1162 4157 1202 4222 ele
1241 4146 1275 4215 D
1312 4153 1395 4224 colar
1420 4151 1593 4224 duntaxat
1613 4151 1876 4222 Herimannornm
1903 4147 1990 4221 ordo
2018 4173 2072 4220 re·

440 4258 567 4344 bando,
587 4283 641 4328 nee
659 4256 815 4348 fodrum,
842 4284 895 4328 net
912 4255 1129 4352 albergarias,
1149 4279 1203 4324 nec

442 4355 601 4428 tolleilam
626 4359 833 4454 Epijcnpttni
849 4361 962 4430 debent
989 4357 1126 4450 amplius
1147 4351 1199 4446 fir·

443 4479 533 4552 tere.
559 4455 699 4549 Quibus
729 4483 772 4530 ex
802 4453 917 4532 uerbis'
942 4460 1077 4531 elucere
1103 4455 1227 4528 vide-1

442 4576 531 4650 tut,
556 4554 655 4636 inille
679 4558 904 4649 Arimantos,
923 4558 986 4652 qui
1012 4556 1108 4644 ruti,
1134 4555 1203 4628 hoc

443 4661 491 4736 est
517 4660 557 4736 in
594 4657 697 4760 Pagis
732 4676 838 4758 atque
872 4657 1033 4732 Castellis
1067 4656 1203 4732 habita·

443 4787 547 4857 rent,
581 4763 666 4838 dum
706 4759 831 4837 Liberi
867 4759 975 4832 effert
1010 4759 1203 4860 homines;

443 4867 572 4968 eosque
605 4863 705 4942 fuine
740 4861 922 4938 obstrilins
958 4859 1000 4935 ad
1036 4860 1203 4952 fodrum,

446 4967 711 5074 albergariam,
751 4966 891 5066 aliaque
927 4962 1072 5038 servitia
1107 4989 1203 5070 prae·

445 5072 561 5154 banda
594 5068 765 5177 Comiti,
798 5071 858 5148 vet
894 5066 1079 5147 nomino.
1116 5070 1205 5160 Fue·

1312 4251 1445 4342 fertur,
1471 4250 1761 4340 incertiffimum,
1790 4279 1832 4326 ne
1859 4249 1975 4323 dicam
2005 4247 2073 4322 fal·

1310 4353 1387 4428 ium
1415 4353 1568 4426 arbitror
1594 4380 1684 4452 ego.
1712 4353 1789 4427 1³0st
1816 4354 1929 4427 multa
1957 4377 2073 4439 vero,

1310 4481 1400 4554 quae
1419 4452 1585 4528 habienus
1604 4455 1746 4528 disserui
1761 4480 1897 4546 ,nemo
1925 4449 2072 4526 subscri·

1312 4557 1372 4630 bat
1399 4555 1548 4654 Hugoni
1584 4557 1736 4638 Grotio.
1772 4557 1856 4629 dum
1893 4553 2071 4655 originem

1311 4658 1412 4735 vocis
1433 4659 1637 4730 Arimnnnus
1661 4656 1828 4756 vestigat.
1857 4661 1952 4730 Nam
1980 4653 2070 4748 post·

1312 4765 1482 4857 quain-ex
1504 4765 1657 4829 Her-man
1686 4785 1762 4831 eam
1787 4759 1962 4848 deduxit,
1993 4755 2071 4830 sub·

1310 4861 1385 4932 dit:
1407 4861 1612 4932 Arimannns
1634 4860 1723 4930 miles
1749 4861 1913 4958 gregalis,
1933 4858 1990 4952 qni
2006 4881 2070 4954 prt-

1311 4953 1425 5034 btiiam
1444 4987 1555 5033 munus
1575 4988 1634 5032 non
1655 4963 1768 5036 babet.
1794 4961 1903 5050 Pollea
1914 4981 1971 5056 pro
1986 4977 2071 5052 patr·

1309 5086 1381 5164 pere
1392 5063 1501 5160 sumta
1519 5089 1602 5140 uox.
1629 5064 1716 5137 Hine
1734 5062 1793 5163 jus
1811 5058 2015 5237 Ammine
2034 5055 2073 5156 irs

1965 5183 1995 5231 „
2007 5205 2022 5233 ἱ
