4594 6070
327 369 409 472 189
600 349 1088 446 nrrnrnrnrro
1149 357 1561 454 onnrcrmr.
1755 367 1844 478 ‘190

262 481 448 580 spondimus
473 471 567 550 uobis
600 476 699 548 aunis
715 472 859 570 lingniis
883 471 1032 544 bibemo-
1068 482 1101 554 A
1140 479 1220 558 dica
1245 479 1426 572 edixerit,
1461 501 1498 554 ur
1522 489 1631 556 Guium
1655 483 1783 556 Palatii
1809 484 1905 574 rostri

263 585 364 658 airam
388 601 520 678 urgento
545 577 648 652 Libra
673 601 739 649 urm
763 577 808 647 od
829 593 923 670 pomo
947 581 1033 647 Son.

1138 582 1347 678 pomeriorum
1380 578 1499 676 cooffas
1525 581 1598 669 sine
1632 585 1736 672 mosim
1769 585 1922 681 s'uffione'

267 683 316 784 iio
341 683 493 770 Gemrfio
519 681 589 752 &a
615 677 704 753 Alia
738 678 900 775 exempla
934 700 1032 774 prae·
1131 683 1234 777 finire
1259 711 1320 758 oon
1342 684 1554 782 praesumat:
1589 681 1651 760 sub
1677 686 1823 761 nomine
1845 709 1905 784 pe-

266 789 455 878 termittn,
481 805 591 858 unum
612 779 680 856 hoc
703 774 954 854 tantummodo
973 775 1031 850 ad-

265 887 432 976 diturus,
469 907 596 983 nempe
630 907 812 958 occurrere
846 877 1033 976 Mancipia

266 989 424 1082 Beneficii
448 987 560 1062 titulo
586 983 696 1060 alicui
719 983 880 1073 donata,
898 981 968 1054 hoo
986 977 1033 1056 e}

268 1093 311 1166 ed
323 1089 552 1179 conditione,
571 1103 612 1162 ut
626 1084 700 1187 post
710 1082 923 1186 accipientis
936 1107 1030 1155 mor·

268 1210 343 1269 tem
370 1193 410 1268 in
429 1193 568 1292 plenam
589 1187 742 1266 Domini
760 1184 888 1264 direili
907 1181 1031 1285 posits·

268 1294 400 1370 fiunem
430 1294 597 1370 redirent.

1140 785 1310 859 tertiorum
1345 785 1468 860 vassos
1503 784 1597 886 ipsos
1636 787 1903 886 comprehensos

1140 885 1280 989 opinari
1307 885 1358 961 fas
1384 887 1449 964 est.
1479 889 1532 962 At
1558 887 1642 986 quia
1668 890 1834 964 nonnulli
1857 917 1902 965 ex

1124 991 1187 1066 ¹iis
1215 989 1410 1090 pertinaces
1436 989 1616 1066 interdum
1643 1007 1746 1064 erant
1768 991 1808 1063 in
1835 993 1908 1065 eri-r

1140 1091 1319 1183 minibus,
1345 1093 1381 1164 δι
1406 1111 1620 1190 quamquam
1640 1089 1773 1166 moniti
1792 1089 1812 1163 b
1831 1093 1905 1167 Co.

1140 1193 1252 1287 mite,
1278 1193 1393 1268 immo
1415 1195 1451 1268 &
1471 1191 1682 1293 quandoque
1701 1189 1904 1268 anathema·

1139 1314 1176 1372 te
1211 1298 1256 1375 ab
1290 1293 1468 1398 Episcopo
1503 1295 1679 1397 perculsi,
1721 1292 1904 1392 utriusque

317 1398 494 1498 Equidem
521 1394 713 1498 optassem,
748 1408 788 1468 ut
814 1385 1032 1470 luculentius
1073 1401 1101 1472 B
1143 1397 1309 1474 Praefidis
1336 1423 1461 1472 uocem
1496 1400 1794 1490 contemnebant,
1830 1399 1906 1472 Lo·

267 1501 467 1592 constaret,
501 1499 630 1597 quibus
663 1492 823 1585 ritibus,
856 1487 1034 1590 quibusve
1140 1500 1275 1579 thurius
1312 1503 1340 1574 1.
1368 1499 1545 1600 Augustus
1579 1505 1677 1602 Lege
1705 1505 1784 1574 XV.
1811 1498 1907 1574 inter

266 1602 386 1678 verbis
401 1657 412 1691 ,
428 1633 432 1640 ·
450 1599 589 1700 padlis,
623 1599 660 1671 δι
687 1593 819 1674 tabulis
844 1609 929 1666 ante
954 1593 1032 1666 An·

267 1731 355 1782 num
382 1704 402 1776 l
429 1701 571 1778 Christo
596 1717 682 1776 nato
701 1693 935 1770 Millelimum
956 1691 1034 1784 Vos·

259 1805 296 1893 fi
313 1802 628 1894 constituerentur,
643 1792 762 1897 eisque
780 1795 945 1890 Beneficio
958 1811 1033 1912 rru-

267 1905 457 2008 dererltur3
484 1905 567 1980 inde
586 1903 683 1978 enim
703 1897 890 1988 certiorem
915 1895 1032 1970 haurr-

266 1997 1031 2108 remuslueemaddignoscendum,anidem

266 2113 373 2209 plane
407 2108 541 2184 suerint
575 2102 805 2206 antiqutirum'
842 2098 1031 2192 Beneficia,

267 2213 303 2284 nr
339 2207 625 2310 subsequentium
659 2227 860 2308 temporum
896 2205 1031 2274 roura.

268 2315 405 2384 Verum
430 2309 511 2385 heic
549 2308 704 2384 Chartae
737 2333 803 2383 nne
837 2301 1031 2391 deficiunt,
1069 2308 1103 2379 C

264 2411 407 2487 sortasse
432 2411 528 2510 quod
548 2410 775 2486 Ecclesiae&
793 2401 1030 2493 Monulleria,

264 2516 286 2588 b
312 2539 460 2612 quarum
489 2512 570 2588 unis
595 2511 707 2586 serme
725 2506 899 2606 Archivir
918 2503 1030 2581 Chat·

265 2629 381 2691 tarum
409 2613 565 2715 supellex
592 2611 756 2708 superllea
782 2609 930 2712 petenda
956 2602 1028 2721 eli,

264 2714 499 2792 conceffiones
526 2715 787 2791 Beneficiorum
824 2707 1027 2812 praesertum

262 2820 456 2896 Laicorum
485 2819 725 2988 negligerent:
764 2816 903 2890 sublato
928 2811 1027 2884 enim

263 2919 405 2994 buiris
433 2923 526 2992 Bene
556 2920 603 2990 cii
640 2918 843 3016 possessore,
879 2911 1028 2986 fundum

264 3020 390 3094 Senior
424 3017 643 3112 recipiebat,
679 3014 744 3088 nisu
771 3041 815 3088 ex
842 3014 1026 3106 indulgen·

262 3119 317 3196 tia
344 3121 403 3194 sua
429 3117 593 3192 eumdem
628 3115 837 3215 elargiretur
871 3107 1029 3186 desunili

262 3220 336 3297 viri
363 3219 570 3296 heredibus.
605 3223 780 3292 Attamen
805 3239 894 3315 quae
921 3233 1030 3308 pauca

261 3323 395 3409 innui,
431 3322 506 3420 ejus
533 3319 624 3394 mibi
661 3317 829 3392 videntur
863 3309 1029 3400 roboris,

246 3425 302 3502 ⁴ut
328 3423 504 3500 continuo
522 3421 752 3522 antiquorum
770 3415 934 3509 Beneficia
953 3430 1026 3486 tam

257 3526 367 3603 facile
394 3523 598 3626 accipienda
625 3548 698 3596 uon
725 3521 792 3594 smt
817 3543 883 3620 pro
900 3513 1026 3590 iisdem

260 3653 307 3704 ex
340 3627 440 3702 omni
478 3643 578 3726 parte
613 3623 756 3714 Foedis,
792 3645 882 3718 quae
918 3617 1025 3720 polle·

258 3729 335 3806 rior
360 3749 454 3804 aetas
483 3725 666 3828 usurpavit
680 3754 703 3816 ,·
737 3750 850 3823 neque
879 3719 964 3812 Voffi
988 3721 1024 3792 br

263 3827 399 3926 Vaffaiii
434 3848 517 3904 ante
553 3833 699 3904 Annum
727 3828 747 3900 b
773 3821 913 3902 Chriliu
939 3837 1025 3896 nato

259 3929 495 4008 Millesrmum
540 3929 651 4004 iidem
693 3925 875 4030 judicandi
921 3923 1026 4022 plane

172 4043 174 4050 ’
260 4034 356 4126 srnt,
383 4051 489 4132 atque
517 4028 654 4126 Vuffaiii
690 4025 929 4130 subsequentis
969 4051 1025 4100 ae·

1141 1600 1438 1702 Langobardicas·
1453 1600 1660 1678 facultatem
1696 1599 1905 1678 Comitibus

1143 1702 1321 1792 contulit,
1341 1699 1438 1776 utin
1456 1701 1630 1805 ejusmodi
1656 1721 1905 1794 contumaees,

1144 1807 1256 1878 minas
1295 1805 1332 1876 dc
1371 1829 1468 1882 arma
1502 1804 1656 1908 justitiae
1690 1821 1906 1896 exererent,

1142 1907 1294 1984 certiore
1316 1921 1439 1982 tunm
1464 1908 1563 2007 prius
1590 1907 1755 2008 Principe
1785 1903 1905 2000 sailo,

1142 2011 1249 2109 quim
1276 2011 1314 2082 in
1342 2007 1488 2083 vincula
1513 2035 1574 2086 eos
1600 2010 1838 2111 conjicerent.
1864 2008 1908 2080 Si

1137 2133 1196 2208 pro
1220 2109 1411 2207 quibuslibet
1436 2111 1566 2205 couffis,
1592 2113 1715 2210 cuipis,
1733 2133 1829 2210 arque
1845 2109 1909 2182 cri·
1935 2119 1940 2128 ”

1140 2213 1281 2306 minibus
1315 2209 1398 2307 (ita
1424 2210 1487 2284 ille
1513 2212 1668 2314 statuit)
1698 2235 1906 2311 quoecumque

1136 2313 1269 2410 persono
1294 2311 1409 2382 roricus
1427 2333 1571 2408 ‚correpto
1590 2315 1720 2406 suerio,
1746 2336 1783 2384 ue
1807 2313 1906 2384 eriam

1141 2413 1451 2491 excommunicatione
1485 2414 1670 2512 Episcopoii
1691 2435 1750 2509 pro
1774 2433 1907 2486 emerun-

1136 2537 1198 2613 pru
1222 2514 1324 2614 digno
1349 2513 1531 2586 habeatur:
1564 2516 1717 2588 Comitem
1735 2515 1831 2608 [rrum
1855 2518 1907 2587 E·

1137 2617 1279 2712 piscopos
1309 2613 1379 2702 stoi
1406 2613 1533 2707 socier,
1575 2618 1620 2688 Θ·
1652 2637 1713 2714 per
1745 2620 1907 2691 amborum

1139 2716 1315 2810 eonsensum
1340 2713 1520 2809 hujusmodi
1544 2717 1757 2815 distringatur
1773 2739 1907 2790 contem·

1138 2840 1214 2910 roe,
1240 2839 1279 2890 ue
1296 2815 1430 2912 juffioui
1454 2818 1606 2920 Episcopi
1624 2820 1681 2914 sui
1705 2821 1850 2894 obediens
1873 2847 1907 2892 e.

1139 2917 1259 3007 xifius.
1296 2919 1391 2996 Infra
1416 2918 1540 2995 addit:
1576 2922 1619 2995 Si
1650 2942 1759 2998 autem
1794 2921 1906 3018 Voffut

1139 3021 1239 3107 nolin·
1263 3021 1299 3091 in
1326 3023 1384 3094 hue
1408 3022 1502 3118 euipn
1521 3023 1625 3115 suerin
1658 3024 1792 3122 iopsur,
1822 3024 1907 3110 fictor

1133 3121 1255 3214 supro,
1291 3121 1460 3190 dComire
1485 3123 1720 3222 distringatur.
1755 3125 1907 3222 ‚Quodsi

1135 3245 1209 3302 ‚eum
1234 3243 1295 3290 uon
1320 3219 1599 3310 audiemur
1624 3225 1809 3317 nominor,
1843 3253 1907 3301 amn·

1138 3341 1265 3416 requam
1290 3317 1325 3389 iu
1350 3319 1494 3392 vimuiis
1519 3323 1687 3401 miremur.
1714 3328 1815 3402 Haec
1842 3353 1905 3402 au·

1139 3437 1211 3494 tem
1247 3417 1338 3494 illud
1379 3421 1489 3494 etiam
1529 3421 1718 3517 indicant,
1753 3451 1826 3500 non
1862 3427 1903 3504 in

1138 3523 1235 3596 Aula
1260 3521 1562 3624 tantmeegia,
1590 3523 1646 3600 sed
1675 3551 1734 3624 per
1759 3525 1906 3607 univers

1138 3621 1190 3698 sas
1217 3622 1333 3726 Regni
1360 3623 1591 3716 Prouincias,
1609 3624 1718 3702 'suilie
1744 3625 1904 3728 Regibus
1954 3681 1957 3687 n

1139 3743 1244 3830 arque
1270 3725 1547 3825 Imperatoribus
1574 3728 1724 3824 Valios,
1759 3727 1828 3828 ch
1853 3729 1903 3804 est

1139 3825 1346 3903 honorarius
1373 3831 1566 3921 Famulus,
1593 3828 1720 3906 iisdem
1745 3828 1901 3911 fruentes

1140 3927 1370 4031 Privilegiis,
1396 3929 1591 4030 eodemque
1617 3936 1755 4032 Regum
1783 3951 1903 4036 patro-

1137 4028 1263 4122 cinio,
1301 4056 1374 4128 quo
1399 4031 1509 4108 ceteri
1544 4031 1587 4108 ad
1623 4032 1756 4109 Palatii
1792 4033 1904 4112 serui·=

259 4137 325 4212 vi.
353 4137 522 4212 Ceterum
550 4131 664 4206 Vaffie
686 4135 944 4232 Imperatorum
961 4143 1025 4204 aut
1067 4157 1098 4228 E
1136 4130 1230 4207 tium
1257 4131 1431 4208 constanti
1455 4131 1581 4213 ordine
1606 4133 1786 4210 adhibiti.
1814 4139 1902 4212 Pro·

263 4242 400 4338 Regum
428 4233 614 4312 accedebat
640 4237 794 4310 multum
820 4229 1025 4308 honorinae

260 4338 465 4442 privilegii.
500 4335 650 4440 Quippe·
680 4334 960 4410 animadvertere
985 4333 1025 4408 in

258 4467 341 4534 eos,
368 4465 562 4540 eorumque
586 4435 749 4538 personas
776 4437 819 4512 ad
851 4435 1023 4536 judicium

260 4542 360 4619 suum
386 4539 545 4631 trabere,
569 4537 738 4631 Camiri,
765 4537 914 4638 aliisque
941 4537 1024 4614 Rei·

259 4643 423 4748 publicae
449 4641 624 4720 Ministris
644 4639 796 4718 minime
814 4639 943 4716 licuit:
966 4639 1023 4716 sed

259 4771 381 4824 eorum
409 4744 541 4820 caussae
560 4763 666 4846 atque
686 4742 851 4846 personae
869 4741 933 4819 uni
953 4747 1024 4819 Im·

258 4847 457 4952 peratoris,
497 4861 558 4940 aut
593 4844 730 4947 Regis,
766 4863 828 4924 aut
864 4844 1024 4922 Comitia

260 4950 392 5027 Palatii
419 4946 554 5052 judicio
573 4947 756 5024 suberant.
777 4953 895 5024 Immo
914 4973 1023 5048 quum

257 5055 408 5158 Garolus
433 5055 489 5126 M.
514 5049 555 5128 in
585 5057 684 5156 Lege
722 5074 785 5150 43.
820 5055 1024 5154 Langobar·

348 5161 453 5229 rou.
479 5157 525 5230 li.

1136 4251 1255 4333 pterea
1273 4232 1312 4308 in
1332 4232 1490 4336 antiqnis
1516 4235 1759 4312 monumentis
1777 4263 1901 4314 occur.

1135 4351 1219 4410 runt
1246 4335 1332 4430 Vuffi
1356 4336 1456 4434 Regii
1480 4353 1582 4412 extra
1605 4337 1740 4420 Aulam
1761 4338 1901 4419 Princi-

1135 4435 1213 4538 pis,
1238 4437 1302 4537 qui
1327 4437 1511 4538 praecipue
1530 4437 1676 4514 honoris
1694 4437 1808 4542 gratii
1825 4445 1900 4520 Co·

1136 4538 1267 4615 mitum
1303 4538 1452 4616 Placitia
1477 4539 1638 4618 interesse
1665 4539 1895 4622 consuerunt.

1135 4642 1178 4716 In
1204 4638 1286 4742 ipns
1311 4639 1422 4716 etiam
1447 4641 1597 4718 Placitis
1623 4669 1683 4718 eos
1702 4643 1898 4748 conspicior

1135 4741 1345 4843 praeceffilse
1370 4744 1517 4820 Seoiiuis
1542 4743 1775 4841 Civitatum,
1809 4771 1899 4846 qun·

1134 4871 1214 4930 rum
1243 4859 1376 4922 tamen
1410 4847 1514 4923 valde
1551 4845 1805 4926 honorificum·
1827 4845 1899 4921 suit

1134 4971 1289 5040 munuc,
1325 4963 1366 5022 ut
1395 4947 1435 5024 in
1470 4949 1694 5068 praecedenti
1728 4947 1898 5024 Disserta-

1135 5049 1235 5126 tione
1274 5046 1384 5126 dixi.
1424 5050 1528 5127 illruc
1564 5051 1675 5130 etiam
1708 5046 1897 5150 dignitatis

1747 5175 1847 5256 repe·⁴
