4536 6064
443 367 536 470 a„
744 350 1159 474 aurinum.
1218 351 1456 444 nnnrr
1507 353 1686 446 narr

1871 369 1980 476 696
2108 448 2117 460 .

386 471 519 566 sernllr'r
538 469 724 553 vernanti
749 473 845 577 pn'ue
865 497 927 648 per
951 471 1152 548 Manumis-
1196 475 1230 547 Α
1269 471 1339 547 srre
1373 472 1460 573 juris
1495 473 1801 576 patronatue;,&
1839 497 1965 576 quum.
1988 478 2033 556 de

392 567 523 646 sionem
543 571 567 648 d
588 569 754 648 Dominis
780 572 818 648 in
843 573 869 648 li
896 593 1044 648 ertatem
1071 571 1151 647 vin-

392 675 534 750 dicandi
562 693 680 750 erant.
717 679 834 748 immo
860 679 894 748 δι
922 677 990 776 juri
1031 680 1152 749 Patro·

393 797 496 850 natus
519 775 889 850 renuntiare'Donrini
914 777 1149 876 cogebantur:

393 878 487 979 quod
524 875 669 952 srsecus
704 875 837 952 saslum
873 877 1011 958 suisset,
1048 899 1153 976 atque

393 978 515 1054 insciis
541 996 601 1052 aut
630 979 758 1052 invitis
789 977 894 1054 Heris
922 978 1105 1078 quisquam
1134 984 1152 1051 ὲ

393 1080 510 1156 Servis
544 1082 652 1154 Clero
680 1079 950 1162 adscriberetur,
977 1081 1007 1156 is
1044 1083 1153 1156 recla-

394 1201 513 1275 mante
549 1181 708 1256 Domino
734 1183 776 1256 de
803 1183 910 1282 gradu
936 1181 1152 1282 dejiciendus

393 1301 488 1366 erat,
513 1283 548 1356 δι
576 1279 755 1382 pristinam
783 1275 998 1358 Servirurem'
1024 1281 1153 1356 servire

1271 577 1454 649 Sacerdote
1489 597 1551 650 aut
1579 577 1736 652 Parocho
1763 576 1868 652 sacris
1904 580 1950 654 iia
1976 585 2030 655 lo-

1271 679 1324 850 pist
1357 674 1591 851 praepciendo
1618 680 1805 854 agebatqr,
1832 678 1942 854 satisne
1975 709 2031 856 ara

1295 802 1363 850 rra
1390 805 1512 862 auur,
1540 806 1720 862 unumex
1771 805 1864 856 nura
1908 807 2007 857 urna

1271 879 1308 952 id
1337 881 1491 954 muneris
1525 881 1699 984 deligere,
1727 882 1940 982 morigerum
1968 882 2031 959 sibi

1272 979 1376 1054 sacile
1402 980 1582 1064 sumnum,
1609 986 1715 1082 qulrn
1743 1001 1949 1058 extraneum
1975 983 2031 1059 ni-

1273 1080 1326 1154 hil
1352 1079 1415 1155 fibi
1441 1103 1543 1158 antea
1570 1085 1789 1162 obnoxium.
1823 1085 1922 1160 Hinc
1946 1112 2032 1188 ergo

1273 1185 1437 1257 manabat
1471 1204 1590 1258 tantus
1626 1188 1692 1261 ille
1726 1191 1912 1284 Servorum
1945 1185 2032 1261 con·

1274 1281 1389 1358 sluxus
1413 1284 1455 1358 ad
1480 1285 1745 1390 Sacerdotium3
1770 1304 1876 1386 atque
1900 1285 1931 1361 is
1955 1315 2033 1365 moe

394 1386 605 1486 cogebatur.
643 1388 830 1483 Propterea
865 1384 1023 1459 Servitus
1051 1385 1071 1456 l
1098 1411 1152 1457 re·
1199 1393 1226 1464 B
1274 1411 1344 1456 non
1373 1386 1563 1460 barbaricis
1595 1391 1735 1462 rantum
1769 1389 1903 1464 Seculia
1929 1388 2033 1470 inva-=

392 1485 611 1564 nentioribud
635 1486 729 1560 inter
756 1484 883 1584 species
911 1481 1152 1588 lr‘regularita-

392 1591 442 1666 tis
469 1586 598 1662 meritb
625 1586 842 1662 recensetur.
865 1591 998 1680 Quum
1026 1587 1070 1660 de
1096 1585 1153 1659 bi-

394 1691 450 1766 sce
468 1692 603 1765 rnultue
620 1688 663 1762 lit
682 1687 795 1764 sermo
814 1688 852 1762 in
873 1692 1045 1769 Decreto,
1067 1685 1152 1760 Disl.

397 1819 456 1890 54.
479 1794 515 1868 δι
541 1792 580 1866 in
607 1791 849 1866 Decretalibus
875 1791 955 1864 Tit.
978 1801 1018 1860 de
1041 1789 1154 1860 Servis

391 1921 457 1966 nore
489 1894 703 1972 ordinandis,
740 1888 950 1990 superfluunt
989 1891 1079 1963 duco
1115 1889 1153 1963 in

393 1997 484 2070 banc
510 2019 583 2068 rem
615 1993 779 2090 antiquos
809 1996 971 2066 Canonen
999 2015 1154 2064 cornute—
1189 2047 1192 2052 -

394 2121 561 2177 morare,
596 2092 651 2169 uti
684 2093 721 2166 dt
761 2109 920 2168 veterum
944 2091 1155 2166 testimonia

396 2227 437 2275 an
456 2195 712 2274 recentiorum.
732 2194 939 2293 Aliquando
962 2193 1071 2267 etiarn
1091 2191 1156 2264 sla-

1274 1477 1365 1566 luit,
1402 1477 1456 1559 sed
1484 1483 1561 1586 ipso
1594 1515 1736 1587 quoque
1770 1491 1896 1564 seculo
1923 1489 2033 1568 Chri·

1273 1585 1400 1660 slianae
1427 1591 1541 1664 Acrae
1571 1593 1616 1662 V.
1642 1617 1750 1691 quum
1782 1615 1884 1671 eum,
1912 1607 1952 1664 ut
1979 1591 2033 1670 su-

1273 1691 1333 1788 pia
1356 1687 1481 1767 innui,
1501 1689 1713 1788 improbarit
1737 1691 1896 1786 synodus
1921 1693 2032 1770 Chal-

1272 1787 1491 1873 cedonensis,
1511 1793 1546 1864 dt
1571 1789 1682 1890 pollea
1707 1795 1856 1867 Carolus
1879 1795 2033 1894 Magnus

1273 1889 1470 2008 Augustus,
1498 1892 1551 1967 uti
1578 1893 1616 1966 in
1644 1893 1864 1994 praecedenti
1891 1891 2033 1972 Dissert.

1274 1990 1451 2066 vidimus.
1707 2079 1711 2088 ‚
1753 1999 1757 2006 '
1830 2005 1836 2015 '

1324 2093 1365 2164 In
1393 2091 1661 2170 Additamentie
1687 2095 1729 2170 ad
1753 2099 1868 2200 Leges
1891 2103 2033 2200 Lango-

1273 2191 1431 2268 bardicaa
1457 2196 1477 2267 a
1504 2217 1560 2269 nte
1587 2195 1693 2271 editis
1727 2199 1821 2273 Part.
1849 2203 1895 2276 ll.
1922 2201 2036 2275 Tomi
2058 2199 2063 2210 ’

399 2319 515 2378 tuturo
543 2295 634 2379 suit,
661 2296 831 2396 legitime¹
859 2294 1029 2370 Clerioali
1056 2292 1163 2372 mili-⁴
1200 2293 1232 2368 C
1269 2297 1301 2366 l.
1323 2298 1403 2369 ller.
1414 2295 1569 2370 italicar.
1589 2291 1666 2400 pag.
1689 2319 1730 2374 rt
1738 2329 1771 2398 3.
1781 2303 1931 2376 Carolus
1952 2307 2033 2376 MaL

398 2405 471 2486 tiae
494 2425 624 2475 nomen
647 2397 798 2480 dedisse,
822 2396 885 2496 qni
910 2395 947 2470 id
971 2392 1156 2496 praestitis-

398 2505 450 2579 set
476 2501 606 2577 sciente
632 2500 828 2581 duntaxat,
850 2501 887 2572 &
910 2509 995 2570 ‘non
1017 2515 1159 2570 contra-

399 2606 538 2680 dicente
577 2601 762 2682 Dontinn,
799 2600 853 2676 uti
889 2599 1036 2673 habetur
1073 2595 1158 2672 ont

403 2731 462 2802 34
489 2733 518 2780 c.
538 2704 572 2790 fi
594 2711 716 2776 demur
735 2703 872 2793 sedente.
897 2699 1042 2774 Graecis
1069 2723 1159 2796 quo-

400 2833 468 2907 que
494 2803 658 2881 Ecclesia¹
683 2803 775 2877 hune
802 2803 866 2876 else
891 2825 1024 2877 morem
1047 2799 1161 2872 oslen-

401 2911 457 2982 dit
492 2905 635 2984 Clarise.
665 2901 907 3002 Papadopolus
943 2901 980 2980 in
1010 2905 1161 2974 Praeno-

403 3011 494 3084 tion.
528 3003 725 3104 Mystagog.
754 3001 854 3104 llesp.
883 3023 917 3078 a.
946 3001 1037 3078 Sesl.
1064 3027 1099 3098 ς.
1128 3007 1161 3076 1-

400 3129 506 3208 taque
527 3107 642 3284 prima
662 3106 1006 3199 manutentionem
1029 3103 1082 3182 ita
1106 3105 1162 3192 di-

401 3237 500 3294 carn,

368 3313 524 3386 ,ninum
571 3307 755 3391 collatio,
796 3333 1009 3407 quamquam
1058 3307 1159 3382 illam

403 3413 604 3516 praeoedere
640 3410 773 3510 semper
797 3409 924 3484 soleret
959 3409 1057 3484 ablue
1090 3408 1148 3510 ips

401 3511 729 3592 Manumiffionisl
754 3509 891 3610 leqibus
913 3511 1161 3612 praescriptus.

399 3618 512 3719 Cujus
548 3613 690 3712 quidem
718 3610 808 3686 ritus
842 3615 1067 3707 exemplum,
1095 3613 1161 3686 lroc

401 3721 448 3795 ell
475 3713 736 3791 retustrffirnam
763 3713 1052 3798 Manumiffionis
1076 3719 1163 3788 For—

400 3821 538 3909 mulam,
572 3843 638 3916 ego
673 3813 824 3914 produxi
861 3817 982 3888 Tomo
1019 3839 1052 3888 2.
1086 3841 1162 3914 pag.

1176 3507 1182 3520 t

250 3919 253 3926 ’
405 3927 487 4016 187.
509 3917 774 3992 Anecdotorum
796 3915 1009 3991 Latinorum
1031 3915 1073 3988 *.
1092 3919 1162 3988 Ar-

398 4024 463 4122 qui
488 4019 614 4096 ollium
641 4017 712 4092 boc
736 4035 809 4092 tarn
837 4016 900 4094 fibi
931 4016 1157 4094 commodum

1271 2419 1361 2496 gnus
1387 2396 1474 2472 ltaee
1501 2397 1641 2474 llatuit:
1680 2407 1731 2474 Dr
1754 2403 2035 2500 propellendos

1271 2499 1328 2569 uel
1352 2499 1503 2572 ,Arelliis
1527 2521 1564 2571 ur
1589 2503 1650 2573 rr‘rrr
1675 2505 1814 2602 amplius
1838 2509 2035 2588 rrndrrrrrl‘,

1272 2600 1329 2670 ves
1353 2600 1522 2681 wlennrr,
1549 2601 1611 2684 nist
1636 2603 1808 2693 secundiore
1836 2606 2034 2697 mensuram,

1271 2721 1309 2771 rer
1333 2697 1383 2779 «θ’
1407 2701 1456 2772 r'dr‘
1474 2697 1638 2792 satisfiar,
1665 2697 1713 2780 (γ’
1741 2705 1850 2775 Villae
1883 2731 1945 2778 rrerr
1964 2706 2038 2792 firrr

1270 2799 1447 2892 hlasana.
1475 2799 1569 2875 Hele
1593 2806 1769 2874 undanter
1795 2829 1859 2904 pro
1880 2809 2036 2878 tondean-

1262 2923 1347 2982 -rrrr,
1373 2899 1460 2977 idest
1492 2901 1663 2975 Clerieali
1699 2903 1841 2978 tonsurl
1878 2909 1957 2980 Deo
1983 2905 2036 2980 sa·

1272 3018 1434 3076 creatur.
1472 3003 1621 3074 Vrsennrr
1644 3003 1688 3076 de
1715 3005 1874 3081 Ancillis
1901 3006 2036 3082 dietum

543 3209 657 3310 pecies
683 3205 755 3282 suit
780 3207 855 3308 ipsa
890 3206 1064 3283 sacrorum
1093 3211 1162 3278 Or·
1203 3215 1234 3282 D
1272 3101 1579 3278 :illidaideriiirrd
1605 3105 1938 3304 vaiiaiilelslibbiisdd.
1953 3115 2035 3286 Ἢ

1261 3307 1357 3387 des,
1394 3303 1574 3406 quousque
1608 3309 1806 3382 exereret-lt
1846 3315 2032 3385 Servorum

1271 3407 1427 3508 impetur
1461 3433 1542 3508 erga
1577 3406 1668 3482 saera
1706 3409 1924 3494 ministeria,
1960 3417 2032 3513 ple·

1272 3533 1442 3606 rumque,
1468 3529 1509 3582 ut
1543 3527 1653 3610 puto,
1680 3508 1832 3586 Pietatis
1867 3537 1907 3587 ae
1936 3512 2033 3588 Reli·

1273 3609 1391 3710 gionis
1417 3609 1575 3692 intuitu,
1601 3608 1658 3685 sed
1685 3635 1757 3686 non
1789 3619 1868 3687 rarb
1896 3611 2033 3714 eupidi-

1274 3729 1347 3785 tate
1366 3709 1533 3786 asserendi
1552 3709 1678 3786 selein
1697 3713 1941 3791 Libertatem.
1962 3720 2033 3788 Ve-

1275 3817 1351 3886 rbnr
1379 3837 1489 3910 quum
1525 3814 1599 3914 agri
1635 3815 1682 3888 ira
1718 3813 1937 3915 potiffimum
1973 3843 2035 3891 ex-

1274 3915 1415 3988 colendi
1443 3913 1681 4010 traderentur,
1706 3941 1899 4013 eorumque
1922 3918 2034 4018 agmi-

1274 4041 1320 4090 na
1345 4015 1429 4089 inde
1453 4017 1657 4098 avolarent,
1681 4037 1722 4092 ut
1748 4021 1905 4119 Templo
1929 4017 2035 4092 inser·

401 4125 443 4200 ad
468 4123 691 4199 Libertatem
717 4139 835 4222 patere
860 4119 1057 4218 conspicati
1083 4123 1160 4194 Ser-
1203 4123 1231 4194 E
1277 4117 1522 4198 virent,unde
1542 4116 1578 4190 in
1599 4118 1674 4218 agri
1695 4122 1891 4200 culturam,
1907 4117 2035 4220 ipsarn·

401 4226 462 4307 vi,
488 4225 541 4298 nil
578 4220 787 4302 mirumst
823 4221 985 4296 certatim
1013 4247 1055 4296 eo
1081 4249 1161 4296 rue-

401 4341 505 4425 rent3
531 4351 571 4398 ac
607 4341 790 4422 propterea
824 4321 981 4422 antiquis
1008 4325 1161 4398 Saeculis

402 4443 502 4502 tanta
538 4425 763 4498 sacerdotum
799 4426 901 4498 turba
927 4431 946 4500 b
973 4429 1160 4500 Servorum

402 4525 517 4604 eastris
538 4524 580 4598 ad
602 4522 688 4595 sacri
708 4523 846 4594 Altaria
867 4523 1057 4600 minisleria
1077 4551 1163 4598 eon-

403 4625 598 4705 seenderet.
623 4627 664 4697 ln
689 4620 726 4697 id
750 4619 910 4723 persaepe
931 4628 1037 4698 nullo¹
1057 4650 1163 4723 nego-

402 4731 457 4807 tio
484 4727 547 4828 ips
574 4751 714 4827 quoque
739 4722 1006 4800 oonsentiebant
1034 4725 1163 4798 Douri-

400 4833 465 4914 ni,
492 4831 562 4906 srve
589 4827 777 4929 Episcopi,
802 4823 874 4902 stre
900 4823 1094 4907 Monaobi,
1120 4823 1163 4898 li-

396 4960 446 5008 ¹ve
482 4930 613 5012 Laici,
649 4928 744 5028 quod
780 4925 954 5026 plerisque
990 4924 1163 5002 Ecclesrae¹

403 5033 544 5116 sorenr,
577 5051 640 5108 aut
674 5033 842 5128 Capellae
878 5027 964 5129 juria
1000 5028 1164 5129 proprii,

1275 4245 1344 4318 que
1371 4243 1444 4292 rem
1483 4218 1661 4332 publicam
1699 4219 1926 4340 incommoda
1964 4245 2035 4294 non

1274 4317 2035 4522 llbtzllll‘llll.llll”illi

1274 4522 1497 4596 coercendam
1526 4543 1643 4604 ratus,
1670 4521 1809 4607 slaruit,
1836 4543 1877 4598 ut
1909 4527 2033 4600 modus

1272 4621 1403 4722 aliquia
1436 4619 1530 4697 soret
1556 4623 1594 4698 in
1631 4624 1802 4722 pollerurn
1839 4625 2033 4726 provehen-

1271 4724 1327 4798 dis
1353 4721 1395 4798 ad
1430 4721 1525 4798 sacra
1551 4723 1688 4798 servilis
1723 4727 1944 4803 conditionis
1971 4727 2033 4802 lto·

1272 4823 1451 4900 minibus.
1488 4825 1547 4900 Ad
1582 4825 1667 4900 baec
1704 4832 1801 4926 Lege
1831 4835 1914 4927 138.
1942 4825 2035 4903 inter

1271 4925 1559 5026 Langobardicas
1584 4928 1720 5003 edixit:
1756 4937 1798 5003 Ur
1822 4937 1959 5002 Servmrr
1985 4933 2035 5002 al·

1245 5031 1370 5102 werdun
1405 5055 1493 5104 ner·
1521 5030 1660 5125 solicitet
1693 5033 1738 5106 ad
1770 5033 1959 5106 clericatu·
1983 5031 2037 5104 urs

516 5145 535 5184 ’
556 5149 657 5218 Tum.
680 5147 742 5215 lsl.
766 5145 803 5216 P.
828 5145 895 5215 111.
916 5165 985 5232 paq.
1009 5163 1078 5233 133.
1098 5141 1188 5226 hujus
1210 5143 1354 5214 Edition.

1867 5139 1987 5206 Mone-
