4594 6070
309 342 406 510 ’.ιω
579 391 1087 492 orsscurrrro
1157 397 1593 490 nunccius:
1761 431 1841 516 302

266 557 292 612 ,‚
317 509 496 614 reperiri,
535 513 607 594 tibi
648 514 816 592 smilirer
851 513 951 592 dedit
989 541 1030 594 ec
1068 533 1104 606 A
1142 519 1167 612 ,’,
1195 517 1350 612 fesium,
1375 519 1399 594 fi
1427 519 1507 621 quis
1527 517 1664 594 extitit
1689 513 1727 594 in
1756 515 1905 620 promis·

264 667 291 715 „
318 613 504 692 conceffit.
521 671 523 676 -
540 621 589 694 Et
623 619 668 694 de
702 616 758 693 bis
791 617 960 694 ominibus
993 637 1030 693 te

222 739 224 746 ’
265 769 292 816 ,‚
315 739 373 814 per
396 719 555 816 quendam
579 722 726 794 barulum
751 717 962 796 investivit:
999 719 1030 796 i*

266 871 292 916 „
318 837 356 898 ts
382 835 501 896 temen
554 821 623 900 uod
650 840 696 898 tu·
715 824 751 896 δι
779 821 920 898 heredes
951 819 1030 910 tui,

266 973 293 1018 „
318 919 446 998 deinde
464 849 658 1024 Episcopus
676 927 712 1000 ἃ
732 923 936 1000 successores
956 923 1030 1097 epus

266 1075 293 1122 „
320 1049 403 1098 cum
418 1023 488 1100 suis
502 1024 771 1118 successoribus,
789 1026 855 1126 qui
873 1053 945 1102 non
977 1045 1031 1101 rnt

266 1177 293 1223 ,‚
319 1123 462 1206 inimici
482 1127 560 1218 tui,
587 1131 646 1204 vel
672 1127 839 1206 heredum
860 1146 1028 1220 tuorum,

266 1277 293 1324 „
319 1241 505 1304 tenuntur
529 1229 684 1332 recipere
709 1231 748 1306 in
784 1229 875 1330 locis
901 1229 945 1306 sd
980 1229 1029 1306 ss·

265 1381 293 1425 „
318 1327 481 1404 ciendam
532 1359 670 1408 uectem
696 1332 858 1410 inimicis
884 1337 1029 1409 Lunen-

266 1485 293 1526 „
319 1427 361 1504 sis
394 1357 530 1508 Ecclesi

250 1587 295 1632 p„
321 1533 414 1609 boos
448 1533 633 1610 defendere
658 1561 700 1610 sc
726 1535 839 1612 tueri.
876 1539 946 1610 Pro
972 1563 1029 1612 cu·

266 1687 294 1728 „
320 1633 375 1734 jus
401 1635 512 1712 Feudi
539 1633 758 1713 concessione
781 1663 822 1713 sc
846 1637 1028 1714 lnresiitu·

267 1789 294 1831 „
319 1761 358 1810 rs
382 1735 479 1812 idem
508 1743 720 1814 Procurator
754 1765 818 1838 pro
845 1759 944 1840 parte
977 1739 1026 1834 ip·

267 1891 293 1932 „
320 1834 389 1920 sius,
412 1838 580 1940 Episcopi
616 1839 786 1916 confessus
822 1841 915 1935 suit,
951 1841 1030 1916 sed

268 1992 296 2035 „
321 1955 358 2013 te
378 1941 610 2043 quadraginta
625 1943 754 2020 Libras
770 1945 943 2020 bonorum
962 1947 1028 2018 De·

267 2093 294 2135 „
320 2041 501 2118 ostiorum
530 2061 665 2146 urgent.
692 2045 879 2146 recepisse,
905 2072 1028 2122 renuo·

268 2195 295 2236 „
322 2141 446 2216 mundo
489 2145 696 2245 exceptioni
736 2173 808 2221 non
850 2165 1032 2224 numerate

269 2297 296 2339 „
322 2244 470 2346 pecunie
493 2245 614 2322 habite
633 2273 674 2320 sc
692 2265 853 2348 recepte,
876 2251 912 2322 8<
931 2251 1032 2324 omni

267 2397 296 2438 ῃ
321 2347 410 2448 juris
436 2347 595 2423 auxilio:
623 2350 894 2426 &constituens
919 2349 1032 2426 seno-
1076 2351 1109 2424 C

268 2501 295 2542 „
321 2447 420 2522 mine
445 2448 551 2549 ipsius
576 2449 744 2552 Episcopi
767 2450 900 2526 distans
928 2479 1030 2554 pecu·

270 2601 296 2645 „
323 2549 419 2624 niem
447 2551 484 2624 in
514 2549 713 2626 utilitatem
741 2551 913 2628 Lunenfis
948 2555 1032 2654 Epi·

270 2703 297 2746 „
323 2650 483 2750 leopatus
518 2650 674 2727 fideliter
698 2679 831 2728 conver
845 2705 940 2730 .....
969 2681 1034 2730 vos

271 2803 296 2845 „
322 2753 421 2828 dieto
449 2752 674 2830 Pmcurstori
701 2753 891 2856 recipienti
917 2757 1032 2832 nomi·

271 2907 297 2948 „
323 2881 367 2929 ne
394 2855 484 2930 dicti
513 2853 681 2955 Episcopi
719 2883 783 2956 pro
818 2857 891 2948 biis
915 2858 1034 2934 omni·

272 3009 298 3048 „
325 2957 390 3029 bus
414 2955 485 3030 tibi
510 2955 603 3029 datis
629 2975 667 3030 ct
693 2983 737 3028 ue
754 2957 923 3032 coocefl'ss
948 2957 1033 3034 fide·

273 3057 469 3150 „litatem
505 3055 645 3156 jurssli,
668 2985 767 3129 qsicut
801 3073 877 3130 esst
911 3055 959 3130 iu
979 3083 1034 3132 cu·

272 3209 299 3250 „
325 3155 444 3257 pitulo
470 3157 508 3231 in
537 3157 650 3231 formu
685 3154 873 3232 fidelitatis
898 3157 1033 3257 expres·

1141 673 1167 714 „
1193 619 1236 696 sis
1262 649 1306 696 ex
1332 649 1375 698 eo
1401 621 1584 714 maxime,
1619 620 1714 722 quod
1742 621 1905 708 Lunense

1142 777 1168 814 „
1195 724 1405 823 Capitulum
1432 723 1503 800 biis
1529 747 1603 798 oon
1630 721 1825 816 consessit,
1862 725 1906 802 sd

1142 879 1168 918 ,‚
1194 825 1354 926 presens,
1389 841 1451 904 sut
1476 823 1658 902 occasione
1694 827 1905 902 Procurato-

1143 981 1169 1020 ‚,
1195 927 1244 1003 sis
1260 927 1415 1030 ipsorum
1431 926 1722 1016 Canonicornm,
1743 929 1802 1002 vel
1821 953 1908 1026 que·

1142 1083 1168 1122 „
1195 1055 1347 1130 cumque
1381 1031 1452 1104 slis
1487 1027 1687 1130 supplentes
1712 1026 1757 1101 de
1791 1027 1907 1130 pleni-

1143 1131 1319 1223 „tudine
1345 1131 1544 1233 potestatis.
1578 1133 1756 1207 Tenorem
1785 1147 1905 1204 autem

1142 1284 1168 1326 „
1195 1231 1420 1310 Instrumenti
1456 1229 1607 1334 predisii
1642 1229 1686 1306 de
1717 1231 1827 1306 verbo
1863 1230 1907 1306 sd

1143 1387 1168 1427 „
1195 1337 1342 1410 verbum
1370 1333 1587 1436 presentibus
1613 1331 1720 1409 inseri
1755 1331 1906 1409 lecimus

529 1461 596 1526 se,
636 1461 677 1510 sc
712 1434 818 1535 ipsius
857 1432 1031 1526 Ecclesiae
1074 1439 1103 1512 B
1142 1491 1168 1528 „
1195 1437 1238 1511 ad
1265 1439 1465 1512 cautelam:
1495 1436 1559 1535 qui
1586 1435 1670 1512 tulis
1696 1433 1764 1510 esi.

1194 1591 1220 1632 „
1248 1542 1288 1614 ln
1308 1539 1456 1614 nomine
1476 1537 1650 1612 Domini.
1667 1539 1807 1611 Amen.
1829 1539 1908 1611 An-

1144 1692 1170 1732 „
1197 1667 1245 1714 no
1271 1643 1291 1714 b
1319 1640 1527 1716 Nativitste
1561 1637 1667 1742 ipfius
1692 1641 1910 1716 MCCLIV.

1143 1797 1170 1833 „
1197 1741 1400 1818 lndisiione
1436 1743 1537 1816 1111.
1581 1745 1690 1817 Nono
1728 1739 1907 1816 Kalendas

1143 1897 1169 1934 „
1198 1844 1442 1937 Novembris,
1482 1843 1522 1918 in
1561 1841 1725 1919 Civitste
1765 1845 1908 1942 Capus-

1143 1997 1169 2038 „
1196 1971 1263 2034 na,
1290 1943 1330 2018 in
1357 1951 1477 2020 Domo
1505 1943 1704 2040 Presbyteri
1730 1943 1907 2045 Georgii,

1144 2099 1170 2140 „
1197 2045 1415 2148 presentibus
1442 2047 1644 2123 venerabile
1671 2065 1769 2148 putre
1795 2045 1910 2119 Drmi-

1144 2203 1170 2242 „
1197 2175 1237 2219 rso
1261 2147 1413 2222 Onobouo
1439 2149 1557 2222 sanun·
1581 2149 1732 2222 Adriani
1767 2149 1910 2221 Discere

1145 2305 1170 2343 „
1195 2245 1391 2340 Cardr'rissr',
1428 2249 1544 2324 nobili
1571 2248 1651 2322 viro
1677 2251 1815 2321 Domino
1838 2253 1912 2322 As·

1131 2345 1170 2444 '„
1196 2354 1281 2424 berto
1313 2353 1353 2423 de
1388 2351 1515 2442 Fsisco,
1551 2349 1723 2422 Lanarius
1756 2351 1909 2442 Currite,

1145 2509 1169 2546 „
1197 2451 1358 2526 Domino
1384 2454 1529 2526 Simone
1555 2451 1598 2526 de
1626 2447 1785 2526 Camilla
1815 2448 1910 2524 Cive

1144 2609 1169 2647 „
1195 2551 1386 2645 anuense,
1424 2551 1586 2628 Domino
1612 2553 1767 2626 Alberto
1793 2553 1912 2626 Acre-

1143 2709 1169 2747 „
1195 2653 1312 2728 rii'de
1340 2658 1493 2745 Parma,
1528 2651 1716 2728 Francisco
1752 2651 1910 2728 Notsrio

1144 2753 1239 2849 „de
1265 2757 1446 2848 Clcvsro,
1462 2757 1506 2876 ,δι
1533 2751 1825 2874 (luidonediblo
1851 2759 1911 2830 Se·

1143 2911 1169 3053 ζζ
1193 2855 1910 3052 diffisiuslfiiisssieiiaimiii‘iiii

1138 3113 1171 3150 ,‚
1196 3059 1357 3132 vocetis.
1393 3062 1581 3156 Presbyter
1613 3060 1764 3152 Jacobus
1790 3063 1911 3136 Ceno·

1145 3213 1171 3250 „
1198 3156 1299 3230 nicus
1335 3158 1454 3231 Plebis
1489 3159 1533 3232 de
1567 3161 1697 3236 Sansio
1732 3161 1911 3262 Stephano

273 3309 301 3352 „
328 3258 434 3334 sum.
469 3262 518 3332 Et
551 3255 576 3330 fi
611 3275 648 3332 te
684 3261 742 3332 vel
777 3275 858 3334 tuos
893 3257 1035 3334 beredes
1076 3265 1109 3333 D
1145 3313 1171 3351 „
1198 3255 1368 3332 Lunensis
1413 3257 1624 3349 Dioecesis‚
1673 3263 1832 3336 Nuntius
1871 3265 1907 3336 sc

273 3413 299 3455 ,‚
328 3359 491 3464 pmmisss
519 3360 578 3434 vel
614 3358 752 3458 aliquid
787 3359 1034 3460 promissorum

258 3489 300 3556 ·„
327 3489 398 3536 non
433 3461 618 3538 observare
658 3460 913 3581 contingeret,
954 3489 1031 3559 pro·

273 3583 404 3665 „pter
438 3561 506 3639 boe
531 3565 552 3638 l
577 3563 654 3665 jure
690 3563 801 3638 Peudr
837 3591 899 3638 nors
933 3563 1030 3640 cada·

272 3717 299 3758 „
325 3667 395 3757 tis,
432 3664 488 3741 sed
515 3663 752 3741 nibilominus
778 3683 966 3742 teneantur
991 3666 1033 3742 sd

271 3766 608 3860 „observationem
652 3767 815 3842 omnium
859 3767 1032 3868 predislo·

273 3917 301 3962 „
326 3893 432 3961 rum,
469 3895 532 3967 pro
558 3887 597 3944 ut
623 3867 661 3944 in
691 3867 923 3945 instrumento
959 3897 1033 3967 pre·

272 4021 299 4065 „
324 3968 423 4046 dicto
457 3969 530 4072 jam
557 3969 719 4045 consesio
754 3972 892 4072 plenius
919 3973 1034 4049 conti·

274 4123 300 4166 „
326 4093 453 4148 uetur.
496 4075 573 4147 Nos
608 4071 730 4170 itaque
764 4071 837 4147 tuis
873 4073 1035 4174 precibus

273 4223 299 4266 ‚‚
325 4171 516 4265 inclinati,
551 4173 809 4268 donationem,
846 4173 1034 4252 conceffio·
1080 4191 1110 4261 Ε

273 4327 300 4369 ,,
325 4301 439 4370 nem,
473 4278 509 4352 ἀ
546 4273 791 4350 Investiturcm
828 4278 1034 4371 bonomm,

274 4429 301 4469 ‚,
326 4405 413 4474 quas
445 4376 555 4454 nobis
597 4375 756 4452 constitit
796 4379 944 4480 provide
983 4377 1032 4454 ss·

274 4531 300 4570 „
326 4479 422 4571 sius,
448 4497 541 4555 retas
566 4477 733 4556 babentes
758 4481 794 4553 δι
820 4500 963 4582 gratas,
997 4465 1044 4556 δι’

272 4631 299 4675 ,,
326 4583 512 4674 volentes,
547 4607 592 4655 ne
626 4581 664 4656 in
692 4581 869 4680 pollerum
904 4584 1033 4684 ollega-

273 4733 299 4777 „
325 4681 425 4758 tione
459 4682 600 4763 lesionis
634 4681 739 4782 ipsius
765 4681 939 4776 Ecclefie,
973 4687 1034 4760 vel

271 4835 299 4880 „
325 4784 452 4888 quavis
478 4784 549 4860 slis
583 4781 712 4884 possunt
738 4785 781 4859 sb
808 4785 931 4886 aliquo
965 4786 1032 4860 im.

272 4940 299 4982 „
325 4886 496 4988 pugnari,
531 4885 621 4988 ipsas
647 4887 858 4962 auctoritare
884 4886 1032 4989 Aposto-

273 5039 298 5084 ‚,
325 4991 395 5065 lica
413 4987 686 5080 confirmemus,
709 4992 744 5062 δι
765 4987 933 5086 presentis
951 4987 1033 5064 scri·

274 5143 300 5185 ‚,
327 5089 613 5269 “ties“'ffdni‘'
649 5089 940 5184 commuuimus,
975 5091 1033 5168 dc·

406 5221 463 5268 rm.
518 5247 527 5268 .

1119 3395 1171 3453 ·‚‚
1198 3361 1412 3432 Procul-stoc
1436 3357 1652 3434 venerabilis
1689 3360 1805 3435 Patris
1842 3367 1911 3436 Do·

1147 3518 1172 3556 „
1198 3457 1282 3532 mirri
1298 3459 1457 3550 Gotifrcdi
1474 3459 1630 3546 Lunensis
1647 3459 1824 3559 Epifiopi,
1850 3462 1912 3538 he.

1147 3621 1172 3659 „
1199 3561 1283 3636 bens
1310 3560 1353 3635 sd
1388 3559 1456 3637 boc
1492 3559 1641 3664 speciale
1675 3562 1910 3655 mandatum,

1147 3723 1172 3760 ‚,
1199 3661 1287 3739 srcut
1313 3661 1446 3738 constet
1480 3663 1519 3739 in
1547 3663 1780 3740 instrumento
1814 3663 1910 3740 farto

1148 3825 1173 3863 „
1199 3791 1261 3866 per
1287 3766 1464 3859 Adiutum
1492 3765 1712 3860 Notarium,
1744 3767 1781 3840 δι
1807 3764 1913 3866 ipfius

1148 3927 1173 3964 „
1199 3866 1368 3968 Episcopi
1395 3867 1512 3969 sigillo
1537 3868 1705 3960 munito,
1741 3867 1840 3968 cujus
1860 3885 1913 3946 te·

1149 4027 1174 4066 ,‚
1201 3995 1267 4044 nor
1292 3968 1441 4044 insenius
1466 3967 1515 4044 esi
1540 3967 1714 4068 insertus;
1748 3995 1913 4070 procurs-

1149 4129 1175 4168 „
1200 4069 1298 4146 torio
1324 4071 1471 4146 nomine
1496 4069 1586 4144 dicti
1612 4069 1780 4171 Episcopi
1806 4071 1841 4145 δι
1864 4075 1913 4145 Β

1149 4231 1175 4269 „
1201 4171 1405 4272 piscopctus
1429 4169 1622 4262 Lunenfis,
1650 4171 1796 4246 nomine
1820 4169 1911 4249 resti

1150 4331 1175 4370 „
1201 4275 1236 4348 ἃ
1264 4267 1455 4349 honorifici
1482 4273 1616 4365 Peudi,
1642 4289 1823 4372 tumqucm
1852 4299 1912 4375 ps·

1148 4433 1174 4471 „
1201 4374 1322 4465 terni,
1357 4373 1476 4467 rviti,
1512 4375 1547 4448 δι
1575 4372 1747 4475 antiqui,
1782 4375 1909 4470 dedit,

1148 4475 1351 4573 „tradidit
1389 4477 1425 4550 ἃ
1464 4473 1632 4551 concessit
1670 4475 1786 4552 nobili
1828 4478 1911 4554 vire

1147 4636 1173 4675 „
1200 4579 1337 4654 Domino
1377 4579 1536 4652 Nicbosae
1567 4579 1609 4651 de
1647 4579 1753 4672 Fsism
1790 4581 1912 4654 Comici

1147 4737 1172 4778 ‚,
1198 4680 1349 4755 wasia
1373 4678 1473 4758 inse
1498 4707 1540 4756 sc
1565 4679 1644 4755 suos
1670 4679 1811 4758 lter-edes
1835 4707 1910 4756 me·

1146 4839 1172 4877 „
1199 4781 1312 4857 sculos
1336 4785 1374 4858 be
1408 4781 1582 4874 feminas,
1616 4781 1804 4884 Tivegne,
1839 4786 1911 4858 Cr·

1147 4939 1173 4978 „
1199 4883 1390 4977 stellioni,
1424 4885 1459 4958 st
1495 4883 1648 4958 Bmcelli
1692 4883 1837 4974 Colles,
1871 4883 1908 4956 ἃ

1147 5041 1173 5080 ,,
1199 4988 1355 5088 llutgum
1384 4985 1631 5076 Puduluslini,
1658 4984 1700 5059 sd
1727 4983 1840 5082 ipsum
1861 4985 1908 5058 E·
2025 5051 2027 5055 .

1147 5141 1174 5182 s,
1200 5085 1382 5187 piscopum
1407 5090 1443 5162 δι
1477 5084 1728 5188 Episcopatutn
1763 5087 1909 5160 Lunen-

1291 5191 1326 5260 ν
1435 5258 1437 5264 ¹
1732 5237 1759 5278 „
1784 5183 1857 5262 sem
