4594 6070
312 378 395 473 ης
565 342 1073 440 orarrnrnrro
1141 345 1578 444 ororetur:
1664 355 1668 362 ·
1740 292 1906 445 20ss

253 476 385 548 collata
411 495 493 548 cunt
521 470 626 563 aliis,
661 472 704 546 ad
732 469 918 548 veritatem
947 467 1016 548 Hi·
1052 471 1087 541 A
1122 469 1401 562 Ambrofianae,
1437 473 1609 572 Diplorna
1634 465 1788 576 ejusdem
1815 477 1889 549 Cau·

251 574 376 650 liuciae
403 574 531 650 melius
559 573 893 668 constabiliendum,
918 576 1016 650 &ad

253 677 482 776 antiquorum
518 677 722 753 industriam
759 677 1016 778 deprehenden-

253 779 361 872 dam,
403 781 611 856 imitatione
646 801 765 854 tamen
805 781 1016 876 indignam,

189 901 192 907 '
253 881 473 958 conducant.
500 887 668 957 Ceterum
695 882 849 984 ejusdem
875 908 1016 983 quoque

251 984 379 1060 Caroli
398 983 509 1060 Cralli
527 987 685 1060 nondum
707 989 933 1086 Imperatoris
951 987 1015 1061 Di·

252 1087 374 1186 ploma
403 1086 506 1160 habes
533 1089 624 1188 apud
651 1087 750 1188 supra
778 1107 1014 1164 memoratum

255 1187 508 1288 DnCangium
545 1190 584 1263 in
611 1190 820 1367 Appendice
846 1191 959 1266 Tomi
986 1194 1015 1265 1.

253 1313 332 1390 pag.
367 1294 454 1388 467.
492 1295 625 1368 Datum
686 1294 795 1376 icitur
824 1299 862 1368 V.
891 1297 1016 1368 Kalen·

1122 573 1191 648 toli
1217 573 1330 650 Craffi
1356 574 1464 676 Regia
1490 573 1645 674 legitur,
1679 578 1793 649 datum
1818 583 1889 652 Fa·

1119 677 1195 776 piae
1220 681 1298 750 ΧΠ.
1324 678 1495 754 Kalendas
1518 677 1680 775 Aprilis,
1714 686 1818 753 Anno
1842 684 1886 754 ab

1124 779 1343 853 lucamatione
1368 785 1628 853 Dccctxxx.
1647 787 1751 854 Aeno
1775 783 1887 880 Regni

1126 884 1160 953 in
1187 881 1329 956 Francia
1358 887 1417 954 IV.
1453 881 1487 952 in
1513 882 1616 955 ltalia
1640 886 1667 955 I.
1696 885 1750 955 De
1785 886 1888 986 cujus

1124 1001 1242 1058 tamen
1278 981 1498 1082 Diplomatis
1533 980 1603 1058 fide
1630 983 1793 1060 dubitavi
1820 1012 1889 1086 ego

1123 1085 1237 1161 alibi.
1270 1087 1404 1160 Verium
1441 1085 1527 1160 haec
1561 1083 1663 1184 ipsa,
1699 1111 1890 1182 quaecum-

1124 1213 1191 1286 que
1212 1186 1278 1262 smt
1295 1188 1530 1280 documenta,
1555 1185 1646 1262 illud
1666 1185 1791 1262 saitem
1811 1215 1891 1286 per·
1991 1277 1996 1282 .
2033 1279 2039 1294 ι

1124 1289 1264 1366 suadere
1299 1289 1493 1378 videntur,
1529 1287 1667 1365 scilicet
1701 1288 1891 1390 inaugura·

253 1395 313 1464 das
330 1395 514 1485 Janueeii,
550 1405 652 1469 Anna
679 1403 840 1470 incarnat.
867 1397 1017 1470 Domini·
1055 1402 1082 1471 B
1124 1392 1262 1468 tionem
1289 1391 1414 1468 Caroli
1441 1389 1554 1468 Craffi
1590 1391 1629 1466 in
1656 1395 1789 1492 Regem
1819 1396 1893 1468 lta·

253 1501 607 1572 cae-DCCCLXXXl.
634 1495 809 1570 Indidione
832 1503 921 1572 XW.
939 1504 1017 1571 Aa·

254 1623 295 1668 no
314 1602 423 1692 Regni
449 1601 569 1671 Domni
594 1601 713 1673 Karoli
737 1599 840 1695 Regis
859 1601 893 1670 in
912 1605 1018 1678 Fran·

254 1697 305 1768 cia
332 1701 370 1770 V.
399 1699 434 1768 in
460 1702 562 1774 ltalia
587 1707 633 1774 ll.
659 1701 785 1776 Aetam
810 1702 1019 1775 Placentiae.

255 1796 350 1871 Heic
392 1805 519 1875 Annus
565 1805 871 1878 DCCCLXXXI.
918 1829 1017 1877 exor-

258 1897 357 1972 dium
385 1901 481 2000 cepit
500 1904 520 1975 d
540 1905 763 2004 praecedenti
792 1903 917 1980 Natali
946 1909 1019 1978 Do·

133 2040 134 2043 =
256 2001 376 2092 mini,
416 2021 522 2102 atque
557 2004 644 2080 adeo
683 2005 805 2080 datum
838 2001 1021 2104 'Diploma

255 2097 327 2176 fuir
372 2105 482 2177 Anno
523 2107 661 2207 vulgari
707 2107 823 2181 nostro
869 2110 1019 2182 DCCC·

254 2203 405 2277 LXXX.
434 2207 601 2281 Alterum
628 2208 724 2281 idem
749 2207 920 2306 Campius
949 2205 1021 2305 ipse

1125 1494 1195 1570 liae
1221 1495 1316 1570 redie
1341 1496 1385 1568 ab
1407 1493 1607 1568 Annalium
1633 1491 1892 1570 Ecclesiastico-t

1126 1595 1785 1772 punkparengcsscarpplngp'pppfignagplm
1804 1593 1892 1670 fuit·

1141 1725 1161 1772 e
1225 1725 1297 1772 nno
1620 1751 1629 1770 .
1686 1725 1707 1772 u
1790 1714 1895 1772 uern-¹

1127 1825 1169 1898 pe
1209 1801 1469 1875 carlomannus
1507 1799 1583 1898 ejus
1617 1725 1752 1892 traice,
1787 1815 1891 1874 antea

1130 1905 1204 1974 Rex
1241 1901 1368 1975 ltaliae
1397 1897 1633 1992 constitutus,
1669 1925 1752 1976 cum
1778 1899 1890 1975 uariis

1127 2001 1260 2076 morbis
1281 2001 1556 2094 collubiaretur,
1583 2021 1691 2102 arque
1718 2002 1895 2104 imparem

1130 2101 1163 2176 se
1190 2104 1370 2203 praeberet
1397 2104 1439 2178 ad
1467 2105 1598 2206 Regale
1616 2129 1705 2180 onus
1725 2107 1818 2180 ultra
1838 2103 1895 2178 lu·

1131 2203 1348 2279 stineudum.
1382 2209 1431 2278 Et
1458 2205 1501 2277 ad
1528 2232 1608 2281 eum
1644 2206 1789 2306 quidem
1815 2209 1899 2281 Aac

259 2301 372 2380 adfert
404 2331 480 2406 pag.
507 2310 596 2402 465.
633 2315 757 2382 Datum
784 2313 861 2382 ΧΠ.
896 2310 1020 2382 Kalen·
1056 2333 1091 2406 ς
1132 2333 1216 2380 num
1253 2309 1558 2381 DCCCLXXIX.
1594 2307 1632 2390 in
1669 2307 1753 2380 haec
1786 2309 1895 2382 uerba

256 2405 467 2497 dae‘Junii,
482 2405 485 2412 ⁴
503 2416 607 2481 Anna
632 2413 674 2482 ab
700 2415 861 2485 Intonat.
889 2409 1023 2485 Domini
1132 2409 1327 2507 loquuntur
1353 2409 1524 2482 Annales.
1539 2405 1760 2482 Bertiniani:
1789 2414 1897 2480 Karo-

257 2511 516 2582 DCCCL-XXX.
562 2510 740 2584 Iudiiiioue
783 2517 875 2588 xtt'.
919 2521 1023 2586 Auno

260 2609 377 2682 Domni
402 2611 521 2683 Karoii
552 2613 686 2709 piiffimi
721 2613 824 2708 Regis
851 2611 886 2686 in
913 2617 1021 2686 Fran·

257 2711 306 2783 tia
342 2715 380 2786 V.
407 2711 442 2782 itt
472 2711 572 2785 ltalia
601 2719 644 2788 ll.
680 2717 734 2788 At
770 2711 849 2790 ltclc
886 2714 1020 2789 vitium

257 2813 367 2904 latet,
394 2839 502 2910 quum
522 2821 625 2889 Anno
650 2823 912 2892 DCCCLXXX.
932 2821 1017 2890 Duo·

256 2915 372 2986 decimo
399 2918 566 2988 Kalendas
592 2924 623 3008 J
625 2920 696 2988 unii
721 2927 893 2990 decurreret
930 2921 1018 2990 lndi·

258 3013 319 3085 ttio
355 3019 448 3087 Xlll.
483 3041 555 3088 non
592 3021 802 3094 verXmV.
840 3023 894 3088 Ita
931 3017 1020 3113 apud

259 3113 491 3192 Paricelliurn
523 3115 563 3190 iu
589 3119 816 3191 Monument.
852 3114 1020 3191 Bafilicae

1130 2511 1183 2582 lue
1208 2509 1369 2582 Luduuici
1394 2511 1552 2607 quendam
1578 2510 1769 2584 Genuaniae
1794 2511 1899 2608 Regia

1122 2611 1222 2704 filius
1257 2611 1293 2682 in
1328 2611 1552 2708 Langobardia
1582 2611 1742 2708 merit,
1778 2612 1823 2684 (Ὺ
1847 2613 1899 2712 ip·

1125 2713 1199 2806 fune
1224 2721 1376 2808 Regnum
1418 2713 1583 2786 obtinuit.
1618 2711 1684 2786 Sed
1722 2714 1794 2814 jam
1821 2727 1901 2788 tan.

1131 2813 1213 2889 dem
1239 2811 1400 2890 succedat
1426 2817 1576 2890 alterum
1605 2813 1758 2915 ejusdem
1785 2819 1900 2892 Caro·

1089 3005 1094 3014 .
1133 2917 1162 2992 li
1188 2913 1301 2992 crassa
1329 2917 1522 3023 Diploma,
1557 2917 1654 3018 quod
1680 2944 1790 3018 nuper
1825 2918 1900 2994 fue·

1132 3045 1210 3091 ram
1225 3017 1434 3116 pollicitus,
1449 3035 1556 3118 atque
1570 3039 1821 3122 argumentum
1835 3045 1901 3112 rao·¹

1101 3097 1109 3218 i
1138 3117 1242 3192 strum
1269 3135 1493 3216 repetamus.

327 3342 595 3440 Confirmatio
625 3345 807 3434 omnium
839 3347 1036 3446 bonorum
1068 3349 1107 3430 n
1139 3339 1574 3460 juriumlpeitantiuna
1605 3351 1655 3440 ad
1686 3351 1831 3469 Augil-

530 3466 691 3578 berg'am
723 3467 1020 3583 Imperacricem
1059 3463 1235 3552 Viduam
1268 3491 1293 3552 a
1324 3464 1473 3559 Catulo
1502 3467 1639 3557 Cra'ffo

613 3605 617 3614 ’
810 3590 1078 3704 Imperatore,
1108 3589 1231 3674 Anno
1263 3585 1362 3698 887.
1461 3643 1464 3652 -

308 3823 345 3892 N
368 3817 491 3892 nominc
515 3819 653 3894 Sandan
676 3819 721 3890 dr
740 3819 933 3894 individuae
951 3824 1026 3894 Tri·

335 3922 470 3994 nitatis.
498 3925 641 3994 Karalus
666 3923 787 3994 divina
807 3923 942 4012 favente
964 3927 1025 3996 cle-

261 4024 380 4096 mentiti
406 4028 578 4118 imperator
601 4025 788 4121 Augustus.
815 4033 943 4122 Oportet
962 4032 1022 4100 len·

258 4125 409 4224 perialem
435 4125 627 4222 dignitatern
653 4153 759 4198 curam
783 4129 921 4200 mnium
936 4155 1025 4224 gere·

261 4255 294 4300 rc
322 4225 554 4320 subudum,
590 4229 725 4302 maxine
749 4236 825 4301 veri
851 4229 1026 4324 secundam

119 4309 199 4375 κ
259 4329 470 4426 Apostolum,
505 4333 733 4419 donastitarum
768 4359 863 4430 atque
894 4336 1025 4430 propin.

261 4457 407 4529 quorum.
435 4433 552 4504 Idcirco
577 4433 753 4506 cunilorurn
769 4433 922 4527 fidelium
939 4443 1023 4510 San·

265 4531 332 4606 ttae
371 4535 436 4606 Dei
469 4535 656 4628 Ecclefiae,
697 4537 923 4635 nostrorumque
957 4561 1026 4612 tant

179 4655 186 4664 “
257 4635 494 4735 praesentium,
529 4663 623 4735 quam
651 4641 694 4708 tt·
714 4639 895 4731 suturarum
929 4667 1024 4714 neve·
1070 4677 1100 4748 E

261 4739 306 4810 rit
326 4739 478 4832 solertia,
505 4741 582 4836 quia
607 4769 674 4814 cum
691 4742 893 4836 dileiliffima
918 4745 962 4814 tr
986 4771 1024 4816 a·

264 4843 367 4914 nanti
390 4869 456 4913 rma
496 4845 602 4915 Soror
646 4841 758 4918 nostra
802 4844 1024 4946 Angilberga

263 4942 475 5046 Imperatrix
502 4945 679 5042 quondam
700 4946 879 5048 Augusta,
905 4947 1024 5023 Gisul·

262 5043 335 5122 lum
371 5048 585 5120 venerabilem
619 5049 799 5124 Abbatctn
834 5051 873 5124 &
905 5047 1025 5126 Medi·

364 5155 453 5224 Tm.
480 5151 526 5224 He

1070 3825 1118 3918 Dr
1137 3843 1218 3896 curn
1253 3821 1300 3894 od
1332 3817 1467 3908 nuiranr
1501 3820 1661 3918 direafflit
1696 3823 1904 3922 petſjeicalra.

1136 3945 1229 4014 tem,
1269 3923 1315 3994 (9¹
1349 3943 1409 4019 ptr
1442 3949 1512 3994 eum
1546 3926 1636 3997 nobis
1662 3923 1901 4023 fignificaffet,

1136 4025 1220 4123 quod
1244 4025 1375 4121 quidam
1400 4025 1540 4098 honines
1566 4025 1621 4096 illi
1645 4029 1748 4100 adbuc
1780 4051 1904 4104 contra·

1137 4127 1274 4198 dicerent
1296 4147 1420 4222 partem
1445 4155 1484 4197 ea
1517 4129 1608 4198 redut
1635 4125 1734 4220 setis,
1769 4157 1849 4228 quat
1878 4139 1905 4206 'a

1134 4229 1193 4321 suo
1228 4230 1373 4300 Domno
1401 4229 1437 4300 δι
1463 4228 1628 4404 (ἰοιήιιὶο
1661 4229 1761 4304 diuae
1794 4253 1908 4305 meme-¹

1140 4331 1207 4404 riae
1225 4327 1447 4405 illudowico
1466 4330 1585 4405 Conso
1611 4329 1691 4406 rino
1711 4333 1827 4409 nostro
1844 4339 1906 4408 ad·
2043 4415 2052 4424 „

1140 4431 1298 4531 quiswit,
1334 4459 1388 4504 nec
1422 4459 1484 4506 non
1510 4437 1555 4505 Θ
1579 4461 1613 4506 a·
1635 4435 1803 4529 Genitore,
1837 4445 1906 4512 Pa·

1141 4556 1210 4606 true
1228 4559 1366 4632 quoque,
1386 4535 1431 4606 θ
1447 4564 1470 4607 a
1488 4562 1662 4638 germano
1680 4535 1797 4612 nollro
1814 4543 1906 4614 Kar·

1140 4639 1310 4712 lomanno
1332 4636 1545 4735 glariostffinu
1581 4640 1631 4713 tte
1657 4665 1698 4731 e,
1734 4644 1781 4713 o·
1803 4669 1826 4716 a
1851 4653 1906 4712 ned

1118 4741 1190 4812 ¹bis
1230 4741 1285 4813 illi
1323 4737 1455 4836 eonceffa
1489 4743 1534 4813 Θ·
1568 4665 1764 4838 ιοῃὲνωαω,
1787 4744 1905 4838 sunt,

1141 4843 1186 4914 tr
1215 4845 1315 4917 etiam
1342 4869 1381 4914 ert
1404 4843 1482 4934 bis,
1501 4863 1592 4948 quat
1613 4865 1672 4941 per
1697 4845 1907 4934 instrumenta

1142 4951 1314 5018 Cartarum
1353 4939 1577 5042 adquisieratc
1617 4950 1747 5040 Ideoque
1787 4945 1905 5032 nollrae

1143 5047 1327 5144 complacui
1359 5047 1579 5145 benignitati,
1611 5043 1783 5140 suanm
1812 5044 1905 5218 ἆνσδ

1266 5151 1301 5220 0
1797 5141 1813 5219 i
1841 5143 1855 5220 i
