4550 6072
455 351 541 468 545
749 349 1151 468 aurinum.
1209 345 1440 440 muner
1490 347 1673 442 aeut
1889 369 1979 478 με

504 599 760 692 Guaimtrius
793 611 824 690 Ι.
853 603 1035 726 Princeps
1061 601 1332 694 Salernitanus
1361 602 1556 695 Eccleiioe
1587 603 1722 692 senui
1752 561 1934 700 Maximi

712 723 740 806 b
770 724 976 810 Guaiierio
1008 723 1184 840 Principe
1216 751 1373 840 parente
1405 726 1470 812 suo
1500 725 1726 814 aedificatae

884 843 991 932 dono
1020 845 1089 930 dat
1119 841 1267 932 multa.
1298 854 1422 934 Anno
1453 847 1553 962 889.Ι

398 1076 486 1258 ΙΝ
508 1075 630 1158 nornine
656 1075 790 1152 Domini
816 1076 881 1150 Dei
905 1079 1089 1152 salvatoris
1108 1104 1160 1148 no·
1201 1083 1233 1154 A
1275 1105 1355 1153 cum
1382 1079 1548 1155 omnibus
1575 1071 1645 1154 suis
1672 1081 1898 1181 pertinentiis
1924 1083 1958 1158 t'n
1978 1085 2037 1180 su·⁵

464 1179 528 1264 slrr'
537 1179 622 1271 Jesu
647 1177 790 1266 Christi.
813 1179 948 1252 Declaro
971 1207 1026 1276 ego
1051 1181 1158 1254 Guui·

394 1279 530 1354 marius
558 1279 784 1378 Princeps&
813 1280 1011 1378 imperialis
1049 1281 1162 1356 Patri·

388 1382 497 1472 tius,
519 1381 601 1534 puio
627 1377 789 1476 concessum
815 1382 857 1467 esl
882 1383 965 1454 mibi
988 1411 1010 1454 a
1039 1383 1161 1476 santis·

392 1483 487 1568 slmis
511 1505 560 1563 coe
584 1483 732 1580 pir'ffimr's
757 1483 1033 1580 Imperatoribus
1068 1488 1161 1559 Leo·

391 1609 442 1659 tte
470 1584 779 1674 murenarum,
796 1581 1005 1680 perverbum
1030 1583 1078 1665 &¹
1097 1583 1158 1677 fir·

394 1686 564 1782 ttriffimum
586 1693 770 1783 Preceptum
795 1683 889 1758 bulld
913 1692 1010 1760 aured
1028 1687 1161 1784 figilla·

394 1799 487 1878 tum,
514 1777 670 1884 integram
691 1787 805 1878 sortem
820 1793 1057 1862 Beneuentum
1082 1795 1161 1860 Pro·

397 1891 526 1980 nimie,
546 1889 630 1974 stent
645 1888 788 1979 divisum
806 1885 849 1972 esi
871 1891 954 1958 inter
978 1889 1159 1962 Sichenol·

399 1989 509 2090 phum
535 1987 583 2068 cb
612 1986 842 2062 Adelchisum
873 1988 1099 2089 Principem,
1123 2012 1160 2062 ut

341 2107 344 2114 '
399 2093 504 2163 liceret
529 2117 577 2162 me
602 2092 713 2165 exinde
734 2091 836 2180 sacete
860 2091 994 2182 omnia,
1020 2117 1078 2188 (tore
1102 2119 1158 2164 eto·

398 2193 510 2284 luero,
530 2193 615 2278 ficut
636 2189 831 2284 antecessores
856 2193 917 2261 mei
934 2179 1037 2264 cmiter
1062 2194 1158 2264 Prin·

398 2296 478 2392 cipes
512 2295 682 2385 secernat.
717 2292 854 2365 Proinde
893 2295 1084 2387 conteffimur
1124 2295 1158 2366 in

397 2395 536 2483 Ecclefia
560 2393 731 2488 beatiffimi
765 2393 936 2486 Maximi,
969 2417 1027 2492 pro
1061 2399 1160 2484 aeslto

393 2499 500 2592 salute
525 2497 657 2588 anime,
683 2523 778 2594 mam
815 2499 978 2571 Domnus
1014 2497 1157 2573 Guaife·

396 2599 470 2673 rius
497 2599 662 2694 Princeps
685 2619 779 2694 pater
813 2623 898 2668 meus
922 2623 945 2671 a
970 2627 1051 2670 nova
1081 2602 1157 2692 sun.

396 2701 524 2775 demine
549 2701 718 2789 consltrtait
737 2701 824 2770 intus
841 2700 922 2772 bano
944 2701 1079 2788 assitam
1101 2709 1130 2774 C
1132 2704 1156 2773 r'·

395 2805 531 2876 vitatem
551 2803 789 2874 salernitanam
805 2855 815 2892 ,
829 2803 912 2872 hunc
937 2806 1082 2879 Servum
1108 2801 1127 2878 s
1144 2847 1155 2865 .

1272 1179 1423 1276 praaifla
1444 1182 1582 1267 Ecclesia
1600 1186 1791 1276 conteffimur
1813 1186 1961 1276 securiter
1978 1191 2037 1261 ba.

1274 1280 1431 1356 bendum.
1460 1291 1508 1356 Et
1526 1285 1760 1376 conslr'tuimus,
1780 1307 1817 1358 ut
1839 1289 1946 1360 nullut
1967 1295 2037 1362 Ra·

1267 1382 1382 1469 filice,
1410 1412 1462 1456 nec
1483 1389 1653 1483 stratigo,
1682 1413 1734 1458 nec
1759 1390 2034 1486 Protaspatatint,

1273 1505 1330 1556 aut
1349 1489 1574 1576 candidatae,
1598 1489 1656 1558 ioue
1673 1491 1865 1584 spatarius,
1891 1514 1949 1565 aut
1967 1497 2036 1563 Ga·

1265 1585 1414 1675 staldut,
1434 1609 1492 1659 aut
1509 1587 1671 1678 Scultais,
1689 1611 1750 1661 aut
1767 1592 1930 1690 qualisque
1948 1594 2038 1668 aliut

1272 1686 1461 1788 Reipubliee
1479 1689 1714 1780 Autonoeius,
1740 1693 1796 1762 vel
1822 1692 2037 1791 qualiscum-

1272 1815 1340 1886 que
1367 1787 1458 1863 alius
1493 1795 1619 1864 Servus
1655 1789 1852 1868 ianitorum
1881 1799 2037 1896 Impera·

1273 1909 1414 1981 torum,
1441 1890 1559 1964 habeat
1581 1891 1761 1988 potestatem
1788 1896 1824 1966 in
1854 1895 1949 1984 illos,
1979 1898 2037 1969 uel

1273 1991 1307 2062 in
1327 2018 1429 2064 eorum
1449 1992 1540 2066 rebus
1562 1995 1811 2092 qualemcumque
1829 1995 2035 2088 anchariam,

1271 2095 1327 2162 vel
1363 2094 1522 2166 dationem
1557 2096 1703 2192 exigendi
1715 2123 1737 2184 ;
1764 2097 1823 2187 sed
1841 2173 1845 2184 ,
1860 2097 1928 2194 ipsa
1963 2097 2064 2192 jam'

1272 2192 1363 2266 dilla
1382 2195 1502 2288 sam‘la
1525 2196 1664 2282 Ecclefia
1686 2197 1771 2267 omui
1795 2213 1930 2295 ternpore
1948 2199 2037 2291 secu.

1273 2296 1350 2366 riter
1378 2297 1451 2368 illos
1482 2299 1655 2394 poffideat,
1683 2298 1768 2384 ficut
1803 2301 1928 2372 illorum
1956 2301 2037 2391 sart·

1273 2397 1359 2468 olum
1383 2399 1516 2472 verbum
1548 2402 1705 2492 continet,
1739 2404 1820 2497 quod
1850 2399 1942 2472 nobis
1966 2427 2036 2472 tou·

1272 2493 1447 2590 cesserunt;
1472 2519 1513 2574 ut
1531 2527 1653 2576 ornnes
1678 2502 1839 2576 homines
1863 2502 1969 2580 nostri
1989 2503 2036 2578 li·

1273 2617 1365 2672 seret
1389 2599 1466 2678 suos
1491 2601 1673 2678 dominere
1698 2609 1825 2678 Servos
1852 2631 1932 2678 cum
1954 2630 2032 2677 om·

1271 2699 1374 2774 nibus
1393 2702 1494 2776 rebus
1514 2701 1711 2780 subtantiis
1732 2705 1824 2796 suis,
1840 2709 1900 2780 *vel
1922 2705 2036 2780 attin·

1270 2800 1396 2892 nibus,
1422 2819 1462 2878 ut
1484 2831 1608 2879 omnes
1634 2797 1821 2883 resideren't
1846 2808 1963 2884 subtus
1989 2806 2033 2881 fr·

397 2905 446 2979 cri
476 2903 579 2977 nniiri
609 2902 761 2992 Palatii,
797 2906 920 2998 Lupus
957 2901 1052 2980 filius
1089 2909 1156 2980 tea-
1199 2907 1230 2978 C
1270 2927 1350 2976 curn
1371 2902 1466 2980 suam
1489 2905 1614 3006 absque
1630 2909 1731 2984 omni
1751 2909 2032 2985 contendibiione

397 3005 565 3105 gimpetti
601 3031 681 3078 curn
709 3031 818 3078 uxore
853 3003 933 3094 sua,
969 3007 1003 3078 8<
1031 3006 1158 3096 filiis,

329 3142 333 3150 ·
397 3109 559 3199 filiabus,
597 3106 749 3208 ungris,
784 3133 824 3180 ec
860 3107 1048 3204 nepotibus
1088 3107 1157 3183 suis

396 3238 464 3284 cum
495 3207 642 3281 omnibus
666 3207 759 3281 rebus
788 3206 984 3298 substantiae
1007 3211 1157 3300 illorum,

1269 3001 1381 3078 sanbii
1402 3007 1546 3104 imperii
1570 3011 1697 3084 nostri.
1722 3017 1837 3083 Iternm
1860 3015 2030 3104 volumus,

1269 3105 1357 3191 utsi
1383 3109 1500 3178 Resslor
1525 3111 1736 3208 suprascripte
1760 3111 1896 3194 Ecclesr‘e
1929 3115 2029 3204 r'tlos,

1267 3208 1323 3276 vel
1342 3207 1469 3280 illamam
1489 3237 1537 3282 ret
1555 3213 1739 3306 subtrahere
1752 3212 1894 3284 voluerit
1914 3215 1956 3283 de
1970 3235 2030 3310 pe·

396 3311 511 3385 mobile
541 3333 637 3409 atque
670 3309 856 3400 immobile,
891 3310 938 3391 &⁴
964 3337 1033 3382 anm
1055 3314 1155 3384 omni·
1266 3307 1375 3395 teslute
1394 3309 1468 3406 sam
1485 3313 1572 3384 dille
1589 3314 1746 3404 Ecclelie,
1767 3335 1972 3386 revertantur
1991 3315 2027 3386 t'te

396 3412 454 3487 hur
491 3415 615 3484 illorum
644 3413 887 3510 pertinentiit;
922 3439 985 3512 pro
1018 3439 1092 3511 quo
1128 3415 1156 3488 i·
1262 3410 1443 3504 potestatem
1464 3416 1504 3482 de
1526 3415 1692 3486 heredibus
1709 3415 1847 3502 naslrir,
1864 3414 1951 3498 stare
1971 3436 2030 3511 per

396 3515 454 3616 pse
471 3517 610 3613 Lupus
637 3539 718 3588 cum
752 3513 931 3588 Saracenis
958 3515 1156 3590 ambulavit
1265 3511 1390 3580 illorum
1410 3513 1641 3610 suprascriptas
1663 3515 1828 3608 potestates
1846 3515 1939 3586 nobis
1957 3543 2030 3589 can·

395 3617 635 3716 &pubiuetes
661 3615 755 3702 fuir,
781 3613 1022 3715 quandoipse
1047 3619 1155 3692 florus
1261 3607 1370 3704 celsum
1393 3611 1472 3704 esi,
1508 3611 1556 3693 tb'
1589 3613 1633 3688 ab
1673 3616 1731 3686 illo
1765 3635 1925 3712 tempere,
1966 3641 2028 3713 quo

396 3717 497 3818 super
520 3717 611 3790 banc
636 3715 830 3815 prediiiam
863 3717 1065 3793 Civitatem
1102 3744 1153 3793 re·
1264 3719 1374 3811 Lupus.
1401 3715 1465 3810 lpse
1488 3711 1650 3813 pailuetes
1670 3717 1761 3808 suit,
1787 3714 1836 3796 b
1858 3719 1907 3790 ad
1938 3739 2028 3814 pote·

397 3818 485 3891 sedit
500 3869 514 3908 .,
537 3825 585 3889 Et
606 3819 738 3915 proinde
770 3816 992 3918 supradil‘lum
1027 3829 1154 3918 Lupum
1191 3823 1225 3892 D
1258 3813 1371 3901 slatem
1398 3817 1494 3903 noslrt'
1519 3821 1646 3891 Palatii
1669 3819 1843 3916 pervenit,
1870 3845 1939 3891 cum
1964 3846 2029 3892 ono·

322 3982 325 3988 ,
395 3920 585 4013 conceffimut
619 3922 654 3990 in
685 3920 831 4018 prediila
859 3918 978 4014 sanlla
1015 3921 1155 4008 Ecclesia
1233 3870 1360 4046 suibus
1385 3918 1479 3992 rebus
1499 3919 1682 4013 substantia
1718 3922 1867 4012 illarum,
1895 3919 1943 4000 ἐφ’
1977 3921 2029 4014 us·

316 4107 321 4113 ,
395 4047 463 4094 oum
498 4049 589 4094 uxore
617 4021 679 4114 sua
714 4019 763 4100 &
788 4019 879 4116 filiit
912 4019 960 4102 ὠ
987 4020 1154 4116 filiabus,
1261 4043 1320 4114 que
1346 4024 1457 4111 modo,
1493 4023 1674 4094 cumomni
1709 4023 1834 4093 illorum
1866 4023 2028 4118 pertinen.

395 4124 505 4221 ungris
538 4121 585 4203 (θ’
620 4121 786 4222 nepotibus
813 4124 910 4217 suis,
942 4125 1027 4212 ficut
1055 4127 1155 4224 supra
1262 4123 1337 4214 tia,
1357 4121 1405 4207 stt
1431 4125 1467 4196 itt
1493 4124 1649 4219 integrum
1677 4125 1711 4196 in
1733 4126 1862 4221 presata
1888 4123 2028 4210 Ecclesia

394 4225 516 4296 didam
539 4226 619 4322 nest,
659 4252 724 4324 pro
756 4253 800 4300 eo
837 4226 934 4324 quod
972 4227 1159 4328 postquam
1262 4223 1478 4317 ooncffruus,
1499 4223 1583 4310 fient
1603 4227 1703 4322 snpra
1736 4225 1860 4296 dicium
1887 4227 1955 4315 efl,
1982 4229 2027 4298 ad

396 4326 498 4399 nobis
522 4329 683 4426 culpatus
709 4326 801 4416 fuit,
821 4327 933 4426 postea
953 4347 1072 4402 aurern
1099 4330 1152 4430 ip.
1254 4327 1417 4422 securiter.
1440 4325 1640 4398 habendum.
1667 4329 1764 4421 Quod
1803 4354 1879 4396 uero
1915 4335 2025 4398 Prece-

396 4425 429 4500 sn
449 4425 598 4524 ejusdem
620 4427 748 4501 mulier
766 4427 870 4524 super.
888 4431 973 4504 anni
1000 4429 1151 4529 spatium
1228 4435 1229 4440 ’
1259 4448 1352 4526 ptum
1376 4427 1567 4520 ronceffimns
1590 4436 1634 4497 ex'
1649 4429 1783 4520 suffiunt
1811 4415 2025 4524 suiprasrriptt

361 4543 362 4546 ’
393 4525 507 4628 ipsum
532 4531 675 4624 Lupum
701 4527 827 4602 habuit
854 4530 998 4621 virum,
1032 4533 1069 4603 δε
1096 4532 1147 4630 ἰρ-
1258 4528 1446 4625 potestatis.
1473 4527 1591 4622 Scripsi
1620 4555 1675 4622 ego
1711 4529 1807 4620 Ursus
1842 4529 2023 4604 Notarius.

394 4631 446 4704 los
473 4627 567 4704 filios
592 4631 627 4702 δε
655 4627 747 4704 filias
765 4633 800 4704 &
820 4650 964 4725 nepotes
983 4629 1060 4705 suos
1088 4659 1148 4731 po·
1313 4627 1438 4702 Arium
1464 4627 1593 4701 Salerni
1616 4631 1655 4698 de
1683 4637 1786 4702 Anno
1822 4635 1948 4704 xnut.
1976 4627 2023 4709 de·

393 4733 457 4807 flea
492 4749 710 4832 genuerunt,
744 4733 781 4805 &
818 4731 901 4831 justa
937 4735 1071 4830 Legem
1105 4733 1148 4806 od
1197 4723 1228 4794 Ε
1260 4732 1302 4802 de
1324 4757 1409 4802 anno
1436 4733 1509 4802 VH.
1535 4727 1739 4826 Principatus
1763 4733 1897 4804 Domrni
1921 4732 2026 4806 Guar'.

392 4835 523 4910 lacrum
546 4831 699 4907 nostrum
720 4833 897 4906 Palatium
919 4853 1151 4930 pervenerunt
1262 4831 1358 4902 marii
1383 4828 1543 4925 Principis
1560 4826 1635 4920 filii
1658 4833 1720 4903 mei
1735 4889 1746 4922 ,
1762 4835 1804 4904 de
1822 4835 1923 4928 mense
1946 4839 2024 4907 Au.

389 4935 591 5034 potestatem
615 4960 697 5008 cum
731 4933 897 5008 omnibus
935 4933 1036 5006 rebus
1070 4933 1147 5009 sub·
1258 4930 1373 5033 gelli,
1394 4932 1537 5026 secundl
1563 4931 1766 5006 Indidione.

389 5033 523 5115 stantiis
549 5035 619 5113 suis
646 5035 780 5110 mobile
806 5052 911 5134 atque
936 5032 1149 5134 irnnobite,
1219 4945 1237 5127 i
1487 5040 1588 5110 tacu
1613 5039 1658 5135 'B
1683 5033 1820 5135 sigilli.

1873 5135 1974 5238 npe-
