4550 6072
309 393 399 484 527
636 361 1006 458 Dttsttrnrto
1045 359 1502 456 Tutttnotctttm

1736 367 1826 480 32⁸
1856 466 1863 476 .

256 487 402 558 Fundis.
438 485 551 558 Erant
574 479 669 561 inter
694 487 911 564 Arimannos
938 503 1014 562 turn
1054 487 1088 558 A
1120 481 1188 566 fin·
1212 486 1253 555 de
1280 484 1351 577 suis
1386 476 1583 580 Pagenfibut
1614 479 1706 570 tester
1739 484 1892 562 idoneor:

255 609 446 685 pauperes,
473 606 550 660 tum
574 585 728 664 divites:
755 607 857 664 eram
889 591 927 662 tc
956 616 1015 688 pu·

256 686 347 760 blici
385 691 420 760 oc
455 686 608 788 gregarii
643 689 812 766 milites.
847 693 1016 766 Ceterum

233 797 235 802 ’
256 811 330 860 non
356 807 428 860 tarn
457 787 613 862 morosus
639 788 741 883 sum,
767 809 809 866 ut
828 790 1018 892 praestabit

256 913 449 988 repugnare
469 891 577 966 velim
603 892 853 991 opinantibus,
869 895 1018 966 Liberum

141 1053 148 1064 .
255 1015 434 1088 quemque
460 989 639 1065 bominem
668 998 882 1092 appellatum
919 992 1019 1066 luisse

254 1092 478 1164 Arimannnm
503 1091 570 1166 stuc
597 1096 851 1185 Herimrnnum,
879 1095 947 1168 hoc
973 1095 1019 1170 etl

259 1192 432 1265 militarem
449 1194 582 1264 uirum:
609 1195 650 1266 ed
669 1195 838 1272 nimitum
862 1196 905 1270 de
924 1194 1016 1270 caus·

259 1289 316 1378 sa,
342 1291 436 1390 quod
462 1293 672 1394 cuicumque
707 1301 842 1372 Libero
878 1297 1017 1374 homiui

1126 587 1245 676 Quare
1280 585 1373 660 nihil
1411 585 1494 658 haec
1530 609 1593 656 nor
1628 585 1798 660 remorari
1828 586 1889 662 dc·

1127 687 1235 776 beot,
1260 686 1348 786 quin
1374 685 1583 776 statuamus,
1609 685 1802 786 unicuique
1821 689 1913 764 ni.-

1127 789 1210 862 bero
1223 787 1362 862 homini
1379 813 1503 862 munuc
1515 785 1668 860 militiae
1684 788 1887 888 proprium,

1126 890 1240 964 immo
1274 889 1434 964 debitunt
1469 889 1559 962 olim
1595 885 1719 962 fuine.
1758 894 1807 965 Et
1842 915 1888 966 ne

1126 989 1190 1090 ipsr
1217 991 1361 1090 quidem
1387 991 1430 1064 ab
1457 988 1659 1090 hujusmodi
1685 1015 1792 1064 onere
1818 991 1889 1066 irn'·

1129 1117 1249 1166 munes
1268 1113 1389 1182 erant,
1408 1090 1536 1190 quibus
1556 1090 1696 1178 fortuna
1717 1092 1889 1192 exiguum

1128 1191 1268 1269 censum
1295 1193 1455 1268 dederat.
1493 1197 1588 1270 Nam
1623 1192 1766 1292 quivis,
1802 1193 1889 1268 durn

1129 1311 1267 1368 tantum
1296 1295 1486 1370 mobilium
1523 1319 1640 1369 rerum
1677 1291 1890 1392 poffidetet,

258 1417 332 1466 non
357 1393 470 1466 solium
497 1393 648 1495 licebat,
685 1395 741 1475 sed
776 1399 908 1474 necclle
944 1417 1019 1472 etat
1062 1385 1093 1456 Β
1130 1413 1169 1468 ut
1196 1394 1422 1496 infringendo
1457 1399 1550 1496 leges
1580 1396 1715 1472 multae
1751 1394 1892 1470 soluen-

259 1519 355 1568 arma
381 1495 546 1586 induere,
574 1517 678 1597 prout
703 1498 837 1574 occasio
863 1498 1018 1590 ferebat,

259 1619 299 1668 oc
326 1595 482 1670 militare
509 1623 573 1695 pro
600 1601 711 1672 tutela
748 1601 908 1700 patriac3
937 1625 1018 1676 nuru

260 1695 438 1772 Servis&
466 1697 683 1773 Aldionibus
709 1699 745 1772 id
784 1701 934 1774 minime
970 1699 1020 1778 fas

258 1793 349 1872 luit.
380 1801 418 1872 ln
445 1801 543 1898 Lege
571 1821 631 1896 35.
668 1801 792 1876 Caroli
832 1806 889 1876 M.
926 1801 1021 1876 inter

259 1899 564 1996 Langobardicas:
594 1901 789 1998 Quicumque
814 1903 911 1976 Liber
935 1903 1022 1973 homo

260 2000 295 2070 in
320 1999 432 2086 hortem
457 2002 609 2072 bannitus
637 2002 739 2092 suerit
756 2000 846 2082 &n
883 2001 950 2076 hoc
976 2001 1022 2078 est

261 2098 303 2174 ad
330 2100 593 2198 expeditionem
621 2103 785 2178 bellicam
813 2103 966 2178 accitus.
987 2109 1017 2180 1·

1129 1496 1192 1570 dae
1219 1495 1302 1570 satis
1327 1499 1432 1588 ellet,
1469 1493 1652 1594 procedere
1678 1495 1722 1570 ad
1758 1497 1894 1570 exerci-

1131 1615 1207 1670 tum
1235 1599 1446 1698 cogebatur.
1474 1597 1513 1670 Id
1540 1597 1671 1670 constet
1697 1623 1741 1672 ex
1768 1597 1894 1686 Conlli.

1130 1699 1250 1772 tutione
1284 1699 1486 1795 promotionis
1525 1697 1674 1770 exereitus
1688 1745 1712 1789 ‚·
1741 1700 1811 1774 stuc
1846 1725 1893 1774 ex

1131 1797 1272 1874 decreto
1302 1798 1483 1875 Ludovici
1519 1804 1566 1874 ll.
1594 1797 1744 1899 Augusti
1771 1803 1895 1874 Tomo

1135 1904 1178 1970 ll.
1205 1925 1283 1998 pag.
1313 1908 1397 1994 264
1427 1905 1507 1973 Rcr.
1545 1901 1699 1974 italicar.
1734 1907 1895 1998 Pauperet

1134 2001 1272 2074 tautum
1298 2005 1444 2096 perluere
1470 2000 1513 2074 ad
1539 1997 1728 2076 custodiam
1758 2001 1893 2100 patriae

1137 2098 1315 2176 interdum
1336 2101 1628 2176 dimittebantur.
1648 2105 1703 2176 En
1722 2127 1807 2201 ergo
1825 2101 1898 2178 loo·

259 2216 333 2274 tem
361 2201 399 2272 io
426 2205 522 2301 Lege
551 2209 610 2276 80.
652 2203 810 2303 ejusdem
840 2205 1016 2304 Augusti:
1136 2200 1221 2275 talle
1247 2202 1423 2292 caulium,
1450 2227 1556 2299 quare
1582 2193 1706 2276 Liberi
1734 2199 1897 2277 homines

259 2301 396 2398 siquis
421 2302 649 2394 Liberbomo,
685 2306 791 2378 ceteris
817 2306 852 2378 in
887 2327 1021 2378 exercitu
1065 2298 1097 2368 C
1137 2301 1306 2398 appellari
1345 2302 1435 2376 olim
1478 2303 1658 2400 potuerint
1692 2303 1898 2396 mimenni,

257 2405 480 2500 pergentibus,
517 2404 604 2474 domi
637 2403 766 2489 residere
802 2407 1022 2503 praesumserit

260 2501 332 2584 &c
360 2506 483 2597 Quum
513 2509 596 2578 verb
630 2507 824 2582 Lotharius
842 2511 878 2580 ·l.
908 2512 1021 2606 Impe-

261 2609 356 2678 rator
383 2607 420 2680 in
448 2609 545 2706 Lege
573 2608 632 2700 56.
659 2609 732 2682 aire
761 2602 927 2702 Poliqurm
962 2619 1020 2685 Co·

262 2731 324 2775 mes
350 2706 393 2776 θ
418 2707 572 2804 Pagenler
598 2709 638 2780 de
663 2710 805 2804 qualibet
828 2711 1023 2806 expeditione

260 2805 364 2894 hostili
382 2809 521 2898 renerius
534 2808 654 2899 suerit,
675 2809 759 2884 hinc
777 2807 916 2884 sortalle
943 2809 1021 2908 qui·

262 2903 383 3000 squam
410 2910 607 3002 opinetur,
630 2913 843 2982 tantummodo
863 2913 1022 2982 uictarum

264 3003 403 3092 incolas,
430 3005 483 3078 uti
511 3029 620 3101 nuper
648 3005 879 3106 DuCangius
916 3006 1021 3102 suspi-

264 3105 429 3194 cabatur,
462 3104 513 3178 rei
547 3103 697 3182 militari
725 3133 866 3207 operam
904 3103 1021 3180 naual-

222 3205 223 3210 ’
264 3201 319 3279 se.
347 3201 403 3278 sed
428 3205 587 3302 Pegenses
611 3205 701 3280 olim
729 3208 924 3307 appellati,
960 3207 1023 3304 qui

246 3305 403 3380 deuon
439 3306 612 3382 comitatu
649 3310 683 3380 ἃ
720 3308 864 3406 regione
899 3327 1022 3404 erant3

263 3433 302 3480 ac
331 3406 477 3506 proinde
512 3434 558 3482 ex
593 3415 681 3502 Pago
720 3410 941 3484 efformatum
979 3409 1024 3502 est

264 3513 352 3600 Papo
377 3505 434 3582 leu
461 3515 541 3580 Pai's
567 3507 747 3583 Gallicum
764 3514 825 3601 ,ἃ
856 3509 1024 3584 Italicum

263 3608 379 3699 Paese.
400 3613 600 3682 Occurrunt
619 3609 728 3684 etiam
748 3612 837 3706 apud
858 3611 1024 3712 antiquos

262 3710 420 3804 Pagenses
454 3711 642 3804 Croitatr's,
678 3711 732 3786 uti
768 3713 976 3814 jampridem
1004 3719 1024 3788 l

264 3809 414 3909 Jolepho
440 3811 643 3910 scaligero,
680 3814 887 3914 Bignonio,
915 3840 954 3886 ac
990 3843 1023 3888 a·

264 3909 326 3984 liis
353 3912 557 3984 adornatum
583 3911 648 3986 est.
676 3915 816 4009 Quibus
843 3914 928 3988 adde
955 3919 1021 3990 Le-

264 4036 345 4111 gem
376 4033 432 4107 14.
456 4010 637 4090 Ludovioi
666 4019 746 4110 Pii,
782 4015 843 4092 ubi
870 4015 1025 4092 adhibeat

1138 2400 1204 2474 boc
1230 2401 1276 2475 et
1304 2400 1467 2476 homines
1495 2401 1691 2500 militares;
1716 2402 1763 2474 ob
1789 2427 1898 2501 quam

1137 2505 1244 2576 etiam
1274 2501 1554 2603 praerogatiuam
1583 2501 1678 2601 (alid
1704 2519 1823 2577 tamen
1850 2531 1896 2580 ex

1139 2623 1235 2702 parte
1272 2630 1417 2704 grauem
1458 2624 1563 2702 atque
1603 2602 1813 2703 molestam)
1854 2605 1898 2682 ab

1138 2705 1293 2800 ignobili
1319 2711 1507 2780 Servorum
1534 2703 1743 2780 conditione
1777 2705 1900 2780 ‹littin-

1136 2807 1356 2905 guebantur.
1402 2806 1526 2884 Finem
1566 2805 1622 2880 his
1662 2805 1827 2900 faciam,
1872 2805 1898 2882 su

1138 2907 1233 3002 prius
1261 2908 1459 3007 produxero
1485 2906 1635 2982 Cbartas
1667 2908 1777 3000 duas,
1813 2935 1900 3008 quas

1137 3007 1899 3208 urrunnun„listenedl

1064 3227 1097 3296 ι)
1138 3203 1212 3278 sunt
1239 3205 1403 3278 omnium
1429 3204 1670 3282 describendas
1697 3209 1806 3284 duxi.
1845 3211 1901 3288 lbi

1137 3306 1274 3380 mentio
1319 3301 1365 3380 est
1409 3307 1663 3380 Arimannorrrm
1705 3307 1763 3383 seu
1803 3315 1902 3410 Heri·
1954 3403 1956 3408 Ι

1136 3433 1348 3480 mortuorunt:
1382 3403 1553 3506 sumulque
1588 3405 1640 3484 ibi
1679 3407 1899 3488 Priscianum

1134 3509 1416 3584 Grammaticum
1443 3507 1639 3584 innumeris
1675 3511 1788 3610 plagis
1823 3512 1900 3590 loc·

1135 3605 1272 3686 diffime
1298 3609 1461 3686 habitum
1487 3609 1628 3686 videas.
1655 3611 1774 3686 Prima
1801 3640 1901 3690 com.

1139 3711 1307 3810 pleliitur
1334 3713 1509 3786 Placitum
1547 3709 1586 3786 in
1616 3712 1764 3788 Lucenli
1792 3715 1900 3790 Civi-

1138 3833 1211 3887 tate
1237 3811 1399 3888 habitum
1419 3836 1537 3888 coram
1555 3817 1679 3888 Attene
1698 3821 1807 3911 Duce,
1833 3815 1898 3918 qui

1138 3914 1253 3992 cidem
1281 3915 1372 3991 Urbi
1399 3927 1580 4018 praeerat.'

369 4231 564 4323 Placitum
597 4235 792 4345 Lucenle,
816 4235 864 4324 in
895 4265 976 4354 quo
1005 4239 1204 4351 Johaooor
1232 4237 1404 4350 ejusdem
1434 4233 1557 4325 Urbis
1587 4233 1797 4358 Episcopus
1828 4307 1830 4312 .

453 4353 569 4474 eripit
598 4383 622 4442 e
651 4359 830 4448 manibus
863 4357 1080 4472 Agiprrndi
1111 4353 1257 4443 Clerici
1286 4357 1458 4473 improbi
1489 4353 1704 4445 Eccleliam

796 4475 929 4562 Sancti
960 4473 1089 4588 Petri,
1117 4479 1240 4563 Auno
1268 4481 1366 4590 785.

259 4759 261 4764 ·
311 4731 350 4800 N
374 4723 435 4800 Dei
461 4727 602 4802 nomine.
623 4735 795 4817 Repnrnte
813 4735 938 4804 Domno
962 4735 1024 4805 Cr·

336 4832 405 4900 rulo
428 4835 503 4900 Rex
524 4833 715 4904 Francorum
735 4833 779 4904 θ’
799 4835 1012 4928 Langobardr

263 4956 358 5018 tum,
396 4957 456 5028 quo
480 4931 576 5026 coepit
602 4933 886 5024 langobardiam,
917 4937 960 5004 (9¹
978 4933 1020 5026 fi

262 5031 309 5105 iio
333 5030 471 5131 ejusdem
495 5033 634 5132 Pippino
658 5041 774 5131 Rege,
792 5041 896 5110 Anna
914 5035 1026 5134 Regni

1134 4753 1234 4800 eorum
1249 4723 1458 4818 Duodecimn,
1473 4725 1515 4797 tu
1533 4724 1679 4821 err'nto,
1694 4729 1807 4824 Mense
1820 4686 1898 4806 irtus

1129 4828 1243 4926 gusto,
1270 4827 1447 4900 Indibiionr
1473 4828 1618 4900 ottavo.
1645 4833 1734 4900 Dum
1761 4831 1796 4902 in
1813 4831 1897 4923 Jesrr

1134 4929 1255 5021 Christi
1275 4931 1398 5000 nomine
1416 4927 1602 5020 resedentrm
1625 4929 1797 5004 Allonem
1822 4935 1901 5006 Du·

1135 5057 1305 5206 ccmLupa
1329 5057 1398 5104 cum
1422 5028 1615 5111 venerabilis
1638 5033 1789 5120 Joauttts
1799 5037 1898 5205 ἔστι·
2038 5053 2040 5058 “

1331 5154 1352 5204 2
1831 5158 1848 5204 e
