4592 6066
445 428 525 515 ns
708 327 1146 516 Auctoocr.
1209 391 1701 486 uuorcecrc
1872 412 1959 515 39c

379 541 447 588 cerm
473 515 634 590 arboribus
652 515 724 610 suit
749 517 783 588 in
810 518 987 622 integrum.
1013 516 1140 588 Simili·
1186 513 1216 584 Α
1255 517 1330 586 liter
1354 520 1395 589 ab
1422 515 1486 613 ipso
1512 513 1724 588 Ricbimundo
1744 505 1908 609 filleneo
1932 515 2020 589 ordii

378 635 427 688 ter
453 621 497 690 b
521 620 592 710 casa
619 645 687 692 mea
721 615 917 712 massaricia,
946 645 1040 715 quam
1067 621 1142 690 abeo
1227 595 1369 688 idioma
1386 617 1507 706 suerit,
1524 618 1640 706 flabili
1662 619 1771 688 ordine
1792 640 1919 692 maneat
1934 619 2019 710 sem·

378 717 415 789 in
449 721 511 790 loco
544 721 705 810 Lamari,
741 719 796 791 ubi
829 720 945 812 resedet
979 721 1142 791 Teuduluc
1250 739 1326 814 pet.
1360 722 1408 790 Et
1434 718 1510 808 ille,
1536 721 1592 814 qui
1617 747 1639 790 a
1663 718 1802 814 prediblo
1828 721 2019 792 Ricbimun·
2070 785 2077 794 .

378 819 465 891 bomo
498 820 583 890 livet
617 847 683 892 una
710 848 778 892 cum
805 821 889 891 omni
915 847 946 891 re
972 822 1041 893 (tc.
1077 825 1143 892 Hec
1254 821 1294 889 do
1319 817 1397 910 filio
1422 845 1486 890 mco
1516 818 1616 909 suerit
1642 821 1759 892 ibidem
1792 823 1955 904 ordinatur
1981 822 2017 892 itt

331 927 334 932 ’
379 920 486 991 omnia
504 919 735 1017 suprascriptae
760 923 880 1010 Cosas,
916 942 952 994 ut
971 922 1072 1018 supta
1097 923 1139 991 le·
1256 921 1363 990 eadem
1388 917 1527 1004 Ecclesia
1552 921 1781 994 ordinationem
1803 921 1947 1013 saciendi
1966 921 2017 1013 se·

375 1019 491 1116 gitur,
528 1026 596 1092 Deo
621 1022 665 1091 θ
691 1025 753 1094 tibi
772 1023 981 1120 suprascripte
1007 1021 1143 1108 Eccleste
1186 1066 1198 1094 ,-
1256 1022 1392 1092 cundiam
1417 1023 1521 1094 Deum
1548 1020 1627 1092 reiio
1652 1022 1761 1092 ordine
1785 1025 1826 1093 de
1856 1022 2020 1100 heredibut

378 1119 495 1193 santio
521 1125 631 1194 Marie
656 1124 751 1218 essere
776 1127 809 1195 in
837 1123 988 1220 prefinito
1009 1147 1066 1220 pro
1088 1123 1137 1212 sa·
1257 1122 1302 1192 Θ·
1323 1121 1508 1220 propinquis
1533 1123 1669 1214 noslric,
1706 1123 1755 1194 ita
1780 1142 1817 1194 ut
1835 1121 1959 1218 semper
1985 1123 2020 1194 itt
2050 1163 2055 1174 ·

377 1221 446 1292 lette
471 1225 748 1317 &redemptione
773 1225 877 1298 anime
903 1253 966 1296 mee
976 1254 998 1313 ;
1024 1225 1087 1298 tali
1111 1251 1137 1294 e·
1253 1223 1403 1320 poteslate
1425 1224 1570 1294 heredum
1593 1249 1726 1294 metrum
1748 1245 1932 1320 permaneat
1952 1222 2022 1319 ipsa

379 1323 447 1392 etim
473 1345 596 1415 tenore,
622 1347 659 1396 ut
683 1329 778 1397 donec
800 1353 854 1422 ego
873 1328 1046 1418 advixero,
1074 1325 1143 1423 ipsa
1204 1395 1210 1408 „
1258 1326 1323 1396 Dei
1357 1325 1495 1410 Ecclesia
1528 1324 1644 1396 Senile
1680 1327 1790 1396 Matie
1827 1351 1894 1396 cum
1932 1327 2022 1395 rebut

380 1423 447 1496 Dei
471 1426 612 1509 Ecclesia
635 1454 704 1498 cum
733 1427 819 1500 omni
846 1425 1060 1526 suprascripta
1086 1454 1141 1515 re,
1184 1423 1211 1494 B
1250 1425 1322 1517 -suit
1341 1427 1568 1498 ordinationem
1586 1427 1757 1518 secundum
1777 1427 1940 1498 Denm‘de
1958 1429 2022 1496 Sa·

381 1547 476 1622 quam
503 1527 619 1598 ibidem
647 1529 799 1626 depotavi
833 1526 910 1624 esse,
947 1533 980 1600 in
1008 1557 1076 1602 mea
1095 1527 1143 1614 fit
1259 1529 1376 1598 cerdote
1398 1525 1620 1616 faciendi...
1648 1530 1786 1613 reddat,
1816 1528 1860 1596 Φ·
1883 1547 1941 1622 pro
1967 1549 2023 1596 no·

265 1697 270 1704 .
377 1626 559 1722 pottslatem
571 1649 627 1724 pet
643 1634 838 1702 Sacerdotem
851 1631 1053 1727 gubernandi
1063 1687 1074 1722 ,
1084 1634 1141 1704 ad·

365 1751 441 1825 qur
469 1728 641 1820 secundirm
667 1731 770 1803 Deum
795 1731 1003 1828 disponendi,
1038 1733 1138 1828 quali·

377 1847 432 1900 ter
464 1833 613 1903 valuero.
648 1833 722 1920 Posi
755 1859 829 1904 veto
863 1859 963 1902 mentm
997 1829 1143 1924 decessum

382 1931 487 2018 volo,
522 1953 559 2002 ut
593 1932 694 2028 ipsam
728 1933 792 2004 Dei
826 1931 996 2016 Ecclesiam
1030 1933 1145 2032 sanilo

383 2031 497 2104 Marie
523 2030 572 2115 sit
606 2033 641 2102 in
672 2033 824 2128 poteslate
853 2033 1004 2104 Sicbelmi
1033 2033 1145 2132 gratib
1174 2105 1179 2112 ,
1234 2036 1236 2044 ’

356 2131 450 2206 'Dei
474 2133 624 2229 Episcopi
648 2131 724 2225 filii
757 2135 819 2206 mei
832 2188 843 2226 ,
873 2134 1024 2219 fimiliter
1050 2136 1144 2232 impe·

384 2233 507 2323 randi,
539 2235 688 2330 regendi,
717 2238 818 2333 adque
846 2235 1018 2328 secundirm
1045 2243 1147 2308 Deum

384 2335 523 2431 qualiter
547 2335 658 2408 melius
682 2337 789 2428 visum
808 2337 928 2427 suerit.
955 2343 1003 2410 Et
1025 2337 1094 2434 posi
1116 2367 1144 2410 e·
1186 2353 1218 2424 C

379 2434 439 2530 jns
464 2438 582 2508 obitum
600 2437 753 2522 finiliter
777 2442 871 2530 volo,
907 2459 944 2510 ut
964 2437 1037 2532 jam
1062 2439 1148 2512 dibla

386 2536 451 2610 Dei
477 2537 615 2622 Ecclesta
640 2565 708 2610 cum
734 2543 822 2611 rebus
842 2539 912 2631 suis
930 2537 978 2623 sit
1004 2541 1038 2612 itt
1060 2560 1146 2636 pote·

377 2637 464 2726 slata
488 2639 701 2710 Ricbimundi
722 2639 838 2708 Clerici
852 2637 927 2730 filii
947 2640 1029 2728 mei,
1055 2642 1148 2710 aben·

385 2737 444 2829 di,
475 2735 676 2834 possedendi,
711 2737 839 2832 regendi
851 2790 861 2824 ,
897 2739 941 2805 (37
965 2740 1006 2805 de
1031 2737 1143 2830 nepoti·

385 2842 445 2909 bus
469 2841 547 2906 meis
571 2837 766 2924 ordinandi,
796 2835 919 2930 qualem
945 2834 1024 2927 ipse·
1037 2835 1142 2926 secun·

384 2939 462 3010 diem
497 2936 554 3032 qui
586 2957 662 3031 opus
687 2935 777 3024 Dei,
812 2933 857 3004 Θ
893 2932 988 3018 isius
1014 2934 1149 3020 Ecclesie

381 3059 530 3135 peragere
554 3033 655 3132 posset
681 3035 782 3130 ipsum
808 3035 979 3122 ordinare,
1013 3035 1058 3102 0⁶
1087 3035 1144 3105 ibi·

383 3142 455 3211 dem
487 3157 652 3234 preponere
686 3137 780 3206 abeat
814 3131 1003 3204 licentiam.
1039 3137 1088 3204 Et
1115 3131 1150 3218 st

1259 1628 1309 1700 bic
1331 1627 1464 1700 Domini
1486 1627 1737 1720 Mtsericordiam
1761 1627 2022 1723 deprecaturae.

1260 1733 1308 1801 Et
1342 1729 1609 1826 Recbiptandum
1641 1729 1854 1804 Pretbiterurn
1886 1725 2024 1821 scrivere

1259 1857 1434 2005 ”gylbum
1460 1931 1494 2005 in
1522 1933 1595 2006 Veto
1619 1933 1746 2006 Aleis.
1997 2035 1999 2038 Ι

1310 2039 1383 2131 Ego
1408 2035 1632 2106 Sicbimundut
1657 2033 1691 2104 in
1717 2059 1776 2106 ant
1792 2028 1918 2136 ,dotalis
1942 2035 2024 2103 Cat·

1259 2135 1330 2208 tula
1355 2163 1376 2208 a
1402 2163 1449 2206 me
1470 2135 1559 2226 sabla
1586 2161 1682 2209 manu
1707 2139 1776 2206 mea
1796 2131 1987 2228 subscrips.

1312 2241 1383 2334 Ego
1401 2237 1578 2333 Ruspertus
1595 2236 1754 2308 Precbiter
1779 2253 1906 2330 rogatus
1929 2259 1949 2304 a
1970 2229 2024 2303 Si·

1258 2337 1430 2420 cbimundu
1456 2366 1507 2434 me·
1529 2338 1601 2426 tesle
1620 2333 1808 2432 subscripsi.
1881 2379 1884 2387 .

1311 2444 1383 2535 Ego
1408 2439 1656 2534 Rntbiprandut
1681 2436 1839 2506 Pretbiter
1860 2431 1928 2527 pust
1955 2451 2023 2503 tra.

1258 2539 1330 2609 dita
1352 2539 1505 2632 complevi
1527 2539 1572 2605 Θ·
1595 2535 1690 2622 dedi,
1717 2535 1752 2604 bt
1776 2532 1819 2605 dc
1845 2530 1921 2630 ipso
1946 2535 2024 2604 Au·

1259 2634 1395 2706 tentico
1421 2659 1487 2731 ego
1514 2633 1586 2731 ipse
1608 2631 1767 2706 'fideliter
1792 2631 2022 2732 exemplavi.

1309 2731 1381 2818 Cui
1397 2733 1557 2807 Civitati
1578 2730 1766 2832 praefuerit
1785 2736 1959 2805 Sr'cbelmnt
1973 2737 2023 2804 E·

1255 2832 1396 2928 piscopos
1419 2831 1545 2907 vivens
1571 2833 1651 2908 heic
1677 2852 1914 2924 memoratus,
1934 2859 2023 2907 non·

1257 2931 1340 3004 dum
1367 2931 1503 3031 didici3
1531 2959 1681 3032 eumque
1712 2931 1897 3030 Ughellius
1924 2933 1963 3006 in
1990 2937 2024 3008 1.

1257 3029 1344 3104 talia
1373 3033 1474 3103 Sacra
1504 3031 1706 3132 ignoravit.
1743 3031 1909 3107 Lucenfis
1936 3033 2023 3133 Epi.

1258 3129 1379 3228 scopus
1405 3131 1555 3206 minime
1579 3133 1742 3225 videtur,
1765 3161 1874 3232 quum
1898 3137 2023 3210 codem

384 3239 450 3336 ipse
476 3235 709 3320 Riehe‘mundus
734 3233 802 3330 pasl
830 3236 949 3304 obitum
975 3233 1072 3307 etiam
1096 3235 1147 3304 de'·
1184 3259 1216 3327 1)
1256 3229 1332 3332 ipso
1360 3235 1469 3306 Anno
1497 3237 1663 3310 DCCCI.
1702 3235 1839 3310 tabulas
1876 3235 2020 3349 scriptas

384 3339 430 3412 tte·
455 3337 604 3410 sichelmi
629 3335 778 3434 Episcopi
803 3332 879 3426 silii
904 3334 965 3405 mei
989 3335 1085 3408 talem
1109 3339 1148 3406 de

384 3439 548 3540 nepotibus
574 3437 651 3511 meis
675 3463 737 3508 non
764 3435 944 3526 invenerit,
971 3461 1060 3533 quem
1087 3435 1145 3508 ibi·

385 3547 455 3616 dem
489 3537 569 3614 cello
603 3538 811 3612 moderamine
845 3537 1018 3626 ordinare,
1053 3539 1148 3608 ctiam

384 3647 423 3716 de
451 3643 529 3718 aliis
551 3639 737 3738 parentibus
763 3637 901 3724 noslric,
927 3637 982 3708 vel
1006 3640 1047 3706 de
1071 3637 1149 3709 aliis

383 3743 563 3818 bominibus
596 3740 790 3811 Sacerdotem
828 3735 944 3808 ibidem
981 3739 1150 3831 reponendi

386 3847 430 3914 Θ·
457 3839 652 3932 ordinandi,
675 3838 731 3935 qui
752 3834 898 3929 Officium
922 3837 1074 3908 divinum
1094 3840 1143 3934 sa.

386 3943 452 4014 ciat
474 3963 537 4038 pro·
557 3941 668 4026 noslrit
692 3937 888 4031 saeinoribttt
913 3942 1017 4010 Deum
1040 3943 1145 4036 depae.

385 4071 477 4138 ecre,
497 4043 541 4116 θ
564 4036 683 4138 Misce
702 4059 828 4116 cantare
849 4040 980 4116 debeat.
1003 4045 1052 4113 Et
1070 4065 1145 4142 qua·
1258 4068 1263 4080 ·

1256 3337 1375 3410 Lucae
1411 3333 1682 3435 conspexerim,
1717 3335 1754 3410 in
1792 3337 1891 3434 queis
1925 3363 2022 3412 con·

1257 3451 1473 3510 memoratur
1490 3441 1633 3528 Jacrbnc
1668 3458 1751 3513 tunc
1782 3439 1889 3512 Urbis
1920 3437 2020 3524 illius

1257 3533 1473 3635 Episcopus.
1512 3539 1657 3614 interim
1696 3539 1870 3612 adnotasse
1898 3559 2021 3632 potue·

1256 3636 1305 3710 ris
1331 3663 1371 3712 ea
1399 3635 1635 3738 Rachiprandi
1662 3641 1915 3736 Presbyteri&
1945 3645 2021 3714 No·

1258 3737 1341 3812 tatii
1369 3739 1498 3812 verba:
1538 3741 1582 3810 θ
1608 3743 1648 3812 de
1677 3743 1741 3838 ipso
1767 3743 1942 3814 Autentieo
1967 3770 2021 3840 ege

1256 3839 1318 3936 ipse
1329 3839 1474 3932 fideliter
1492 3843 1688 3936 exemplavi.
1713 3847 1880 3919 Alterum
1902 3869 2021 3920 exem·

1257 3944 1354 4041 plum
1381 3966 1473 4016 nunc
1500 3941 1643 4044 accipe.
1834 3977 1860 3986 -

431 4273 712 4368 Wichcctmus
742 4279 1100 4376 CometLuceoscc
1131 4308 1208 4368 una
1238 4307 1327 4364 cum
1363 4283 1490 4366 Mona
1520 4283 1686 4398 conjuge
1717 4283 1805 4395 sua,
1835 4282 1973 4376 Eccle-

507 4501 525 4508 ,
623 4393 720 4484 stam
749 4395 935 4482 construit
964 4395 1007 4482 in
1038 4399 1189 4487 bonore
1222 4395 1459 4507 Sal-vacceis,
1488 4401 1603 4518 eique
1632 4406 1782 4492 dotales

904 4540 1017 4626 agros
1046 4517 1211 4626 tribuit,
1241 4522 1363 4602 Auno
1395 4521 1494 4602 810.
1533 4535 1535 4538 ’

465 4760 638 4860 Xemplat.
665 4761 705 4833 ln
732 4756 855 4830 nomine
879 4757 990 4830 Patris
1015 4758 1059 4830 Ο·
1084 4763 1142 4834 Fi.

488 4863 530 4938 lii
555 4863 600 4935 θ
616 4860 767 4962 'Spiritus
800 4857 939 4933 sancti.
975 4867 1144 4958 Regnante

384 4973 508 5043 Domno
542 4963 640 5055 cresim
674 4962 809 5036 Carolus
835 4962 1044 5057 sereniffimut
1067 4971 1139 5038 Aa·

380 5071 515 5166 gnsluc,
549 5071 573 5141 b
605 5071 675 5148 Dec
707 5084 892 5160 coronatus,
927 5069 1075 5164 Magnus
1099 5067 1144 5138 θ’

1257 4759 1406 4859 pacificus
1427 4765 1618 4860 imperator,
1638 4773 1819 4840 Romanum
1840 4771 2022 4868 gubernans
2092 4831 2098 4838 .

1260 4863 1449 4959 imperium,
1472 4865 1529 4960 qui
1551 4867 1595 4936 Θ
1616 4889 1674 4964 per
1696 4869 1936 4961 misericordiam
1959 4871 2023 4945 Dei

1261 4971 1333 5036 Rex
1351 4969 1543 5037 Francorum
1562 4968 1605 5038 &¹
1624 4973 1927 5066 Langobardorum,
1943 4981 2023 5046 Aa·

1260 5091 1299 5136 nt
1332 5066 1443 5164 Regni
1476 5066 1570 5165 ejus,
1605 5095 1664 5168 qut
1689 5073 1949 5170 Langobardiam
1975 5099 2024 5164 ceu,

1893 5173 1969 5269 ue.
