4570 6096
460 421 512 503 ,9
752 385 1168 510 Aurrourr.
1228 386 1695 487 nrorrarrsr
1921 397 1980 502 ,a

388 506 513 579 tuebar
540 505 747 582 Ludoricus
773 514 819 584 li.
840 509 1015 604 Augustus
1034 509 1073 584 in
1091 507 1154 583 saro
1180 509 1230 580 [A
1272 505 1432 606 sequenti
1460 508 1683 584 Duodecimo
1710 503 1822 582 adhuc
1848 503 1952 580 illum
1979 503 2036 580 uie

388 605 622 706 Capitulari,
658 609 753 706 quod
786 611 956 711 evulgavi
985 613 1079 684 Part.
1106 613 1152 684 ll.
1270 608 1400 707 guills,
1436 635 1477 684 ac
1512 610 1638 684 deinde
1673 607 1793 684 senfim
1828 606 2032 707 exspirasse,

388 704 503 783 Tomi
521 713 547 783 l.
564 715 644 784 Rer.
660 711 814 786 italicar.
830 739 910 813 pag.
928 735 1012 810 159.
1031 711 1153 786 Proin·
1270 709 1382 784 donec
1415 712 1635 810 temporibus
1672 709 1844 784 Friderici
1880 717 1909 782 l.
1936 733 2033 804 pror·

387 804 433 881 de
460 809 731 887 familiare'luit
758 813 902 888 Francis
922 813 1089 913 Augustis
1108 817 1153 885 E·
1271 807 1325 884 sus
1365 814 1541 888 euanuit.
1581 817 1633 886 Ea
1672 813 1769 888 enim
1809 807 2032 900 tempestate,

388 907 613 1012 piscopos&
641 915 799 990 Abbates
832 915 988 1014 deligere
1015 913 1057 988 ad
1084 914 1153 988 hoc
1270 937 1379 1009 quum
1406 913 1500 988 inter
1527 913 1746 990 fridericum
1774 911 2031 1013 Augustum&

388 1035 544 1108 munos,
584 1015 678 1112 quad
714 1015 742 1090 ii
777 1016 932 1118 aptiores
960 1041 1067 1114 quam
1096 1021 1152 1090 Se·
1269 1013 1449 1088 Ciuitates
1485 1016 1665 1114 plerasque
1700 1011 1969 1112 Langobardiae
1995 1037 2031 1084 a·

389 1117 523 1189 calates
551 1113 712 1191 homines
738 1116 856 1192 forent
882 1118 925 1191 ad
949 1115 1154 1216 dignoscen·
1269 1131 1351 1190 trort
1378 1114 1571 1190 invaluerit
1599 1118 1754 1205 bellum,
1780 1113 1856 1188 illis
1883 1139 1947 1212 pro
1967 1110 2032 1186 Li·

388 1215 450 1290 das
483 1215 660 1292 serrorum
696 1222 880 1309 locorum,
916 1221 950 1291 δι
979 1219 1079 1294 Cleri
1112 1246 1152 1292 u·
1270 1215 1404 1292 bertate
1438 1220 1474 1292 &
1511 1217 1706 1306 Republici
1746 1217 1816 1316 jam
1842 1213 2032 1288 constituti

388 1317 573 1417 tritasque,
608 1321 644 1391 δι
672 1317 844 1392 sacratum
873 1317 1064 1420 virginum
1095 1345 1149 1393 ne
1270 1317 1528 1432 pugnantibus,
1553 1318 1701 1392 Caesare
1728 1343 1791 1417 pro
1811 1311 2030 1390 restituendis

389 1418 591 1510 ceffitates‚
630 1445 824 1518 eorumque
860 1445 974 1494 mores
1010 1447 1153 1516 compo·
1202 1405 1231 1478 Β
1270 1443 1339 1516 ram
1366 1419 1561 1519 antiquatis
1590 1424 1845 1510 Imperatorum
1871 1415 2029 1520 juribus,

388 1519 547 1594 nendos.
576 1519 747 1619 Pippinus
775 1521 901 1594 ltaliae
930 1525 1006 1595 Rex
1027 1519 1065 1594 in
1085 1525 1152 1598 Le·
1268 1522 1478 1606 curandam
1514 1549 1569 1596 tes
1603 1521 1775 1612 devenit,
1810 1537 1851 1594 ut
1887 1543 2035 1592 concor·

389 1647 433 1722 ge
462 1625 558 1696 xxi.
585 1622 808 1722 Langobard.
835 1621 977 1696 testatur
1003 1619 1037 1696 se
1062 1621 1152 1696 dire·
1268 1619 1327 1694 dii
1353 1647 1413 1722 per
1439 1649 1560 1724 pacem
1586 1622 1813 1700 Consentiae
1849 1617 1962 1711 initi,
1996 1645 2034 1692 e·

389 1723 478 1798 xill'e
503 1723 651 1814 Missos,
686 1728 784 1796 umam
818 1724 1014 1797 Monachum
1048 1725 1093 1794 θ
1119 1751 1153 1796 a·
1269 1721 1420 1822 jusmodi
1447 1725 1636 1802 Millorum
1671 1723 1750 1800 usus
1784 1721 1936 1798 omnino
1974 1718 2034 1793 de·

390 1825 472 1901 lium
495 1827 705 1920 Capelianum
725 1825 812 1916 insto
831 1832 979 1921 Regnum
998 1825 1154 1914 nmirum,

387 1925 622 2023 prouidendum
646 1927 702 1996 vel
735 1925 957 2023 inquirendum
988 1947 1046 2023 per
1080 1931 1154 1996 Mo·

392 2025 530 2112 nosteria
558 2026 701 2096 Virorum
726 2054 763 2098 ae
789 2027 995 2111 Puellarum,
1014 2050 1155 2123 ,quomo-

391 2130 433 2200 elo
457 2127 501 2216 est
525 2153 627 2198 eorum
652 2127 835 2220 habitatio,
870 2149 929 2200 aur
962 2126 1157 2218 conuersatio

392 2249 518 2321 eorum,
538 2231 583 2300 θ’
598 2235 746 2326 quomodo
763 2231 903 2328 quodque
926 2229 1156 2316 Monojleriom

392 2333 506 2403 debeat
530 2331 663 2420 babere,
699 2333 782 2403 unde
814 2332 927 2404 vivere
958 2329 1070 2428 poffit.
1106 2329 1157 2402 Ei

355 2497 358 2505 .
392 2431 503 2506 etiarn
539 2431 582 2506 de
617 2429 734 2508 causei
760 2429 1157 2534 Episcopus'Ciritatis

393 2532 521 2608 iisdem
548 2531 665 2607 Missa
691 2534 823 2625 adesse,
846 2535 881 2606 δι
909 2557 1083 2606 unacum
1111 2532 1157 2606 iis

392 2635 495 2710 Cleri
509 2635 707 2710 utilitatem
722 2659 761 2708 ac
776 2633 1060 2707 emendationem
1076 2660 1152 2734 pro·

392 2761 513 2811 curare
543 2736 747 2812 'ubebatur.
784 2731 953 2829 Quandiu
982 2761 1058 2809 mos
1094 2733 1154 2808 ilie

393 2763 563 2912 mittendi
589 2835 887 2911 extraordinarios
912 2837 1079 2928 Judices,
1114 2835 1153 2908 sr-

391 2965 439 3014 ue
468 2938 594 3012 Missos
630 2937 669 3012 in
707 2935 912 3012 Provincias
949 2938 1153 3036 perdurave-

392 3043 465 3132 rit,
492 3037 516 3110 sr
543 3039 623 3138 quis
650 3057 773 3138 petat,
808 3036 1026 3138 respondeo,
1062 3037 1153 3113 milti

390 3141 536 3244 quidem
564 3139 704 3232 uideri,
739 3166 855 3215 earum
882 3138 982 3215 suilse
1008 3141 1154 3216 Saeculo

391 3239 525 3321 Christi
539 3241 763 3344 Undecimo3
779 3243 925 3318 ineunte
938 3259 1058 3318 tamen
1076 3241 1152 3318 sub·

1269 1821 1387 1900 sterit.
1422 1829 1531 1903 Certe
1566 1829 1696 1902 Seculo‘
1717 1824 1850 1902 Christi
1879 1820 2034 1896 Undeci-

1269 1949 1352 2013 mo,
1378 1942 1419 2000 ut
1444 1927 1546 2016 dixi,
1572 1926 1685 2000 adhuc
1705 1927 1848 2024 uigebat
1868 1923 1930 1996 illa
1949 1948 2032 1996 con·

1269 2020 1437 2112 suetudo,
1464 2026 1519 2099 uti
1545 2027 1719 2125 exemplis
1744 2027 1830 2099 bene
1850 2021 1974 2096 multis
1994 2049 2033 2096 o·

1268 2121 1420 2198 stendete
1447 2125 1655 2245 pollem,·i
1681 2123 1928 2244 quihusthaec·
1949 2149 2032 2220 pau·

1268 2251 1323 2402 {t
1336 2224 1509 2419 iiiiii}
1518 2224 2032 2424 ',i?i⁰.i.i⁰.lllil².i¹2ii

1269 2428 1345 2504 vidi
1371 2431 1407 2504 δι
1432 2429 1594 2531 descripsi
1623 2459 1673 2510 ¹err
1710 2430 1875 2504 Archivo
1900 2431 2032 2500 Mona·

1269 2529 1415 2604 chorum
1456 2535 1597 2604 Montis
1641 2531 1783 2606 Oliveti
1824 2527 2030 2628 degentium

1268 2635 1388 2708 Lucae
1413 2631 1452 2706 in
1480 2632 1695 2708 Monasterio
1718 2631 1924 2708 Sanslorum
1947 2631 2031 2704 Bar·

1269 2731 1526 2808 tholomaei&
1555 2735 1744 2810 Pontiani.
1779 2732 1942 2808 Similem
1960 2759 2036 2815 au·⁴

1268 2851 1341 2908 tem
1369 2837 1541 2910 Chartam
1580 2853 1753 2912 memorat
1783 2833 2028 2910 florentinius

1270 2935 1352 3012 Lib.
1372 2939 1399 3008 l.
1420 2964 1497 3038 pag.
1517 2961 1576 3038 ²9·
1596 2941 1703 3012 Vitae
1723 2935 1933 3014 Comitissae
1950 2941 2031 3010 Ma·

1269 3035 1419 3139 rhildis3
1451 3065 1564 3136 neque
1590 3056 1708 3114 tamen
1736 3041 1800 3114 illa
1827 3040 1946 3116 eadem
1975 3039 2030 3115 ri·

1268 3139 1400 3234 detur,
1426 3167 1516 3241 quae
1542 3140 1623 3216 heic
1648 3145 1856 3244 evulgatur.

393 3475 589 3570 Placitum
620 3471 662 3561 in
695 3441 806 3563 Urhc
837 3475 1000 3563 Lucensr
1030 3470 1211 3561 habitum
1243 3502 1375 3560 coram
1408 3474 1586 3562 Cadaloo
1616 3473 1866 3564 Cancellario
1897 3486 2027 3596 Impe-

478 3593 642 3702 ratoria,
670 3592 714 3682 in
738 3622 820 3706 quo
838 3591 1040 3678 'Canonici
1067 3591 1261 3676 Ecclesiae
1289 3591 1422 3677 Sacili
1450 3591 1617 3678 Martini
1644 3594 1808 3682 cauliam
1833 3595 1937 3682 ohti-

599 3733 697 3796 nent
718 3732 856 3794 contra
882 3705 1125 3820 Sigelredum
1150 3713 1190 3795 u
1217 3709 1521 3825 Landulpltum,
1545 3715 1668 3798 Anno
1697 3718 1822 3830 1038.

495 3950 555 4019 Um
581 3941 616 4015 in
642 3940 708 4015 Dei
734 3941 879 4033 nomine,
908 3940 997 4035 iufra
1016 3943 1157 4016 Comita-

518 4045 726 4138 tolonense,
747 4043 782 4116 in
803 4044 865 4116 loco
884 4045 941 4140 qui
956 4044 1075 4118 dicitur
1095 4045 1158 4116 Via

387 4150 557 4238 Vinaria,
593 4147 681 4219 imru
706 4153 804 4219 Curre
831 4145 953 4219 Donni
981 4145 1157 4222 Bonifatii

391 4247 558 4326 Marchio
578 4251 685 4339 Dux,
704 4249 739 4318 iu
754 4247 877 4340 judicio
903 4245 1030 4342 sedrffee
1058 4251 1155 4322 Don-

391 4377 456 4425 nus
482 4347 689 4425 Kadolohus
725 4347 993 4443 Rancellarius,
1028 4349 1156 4424 Missus

392 4451 528 4528 Domni
550 4447 798 4550 imperatoris,
826 4451 871 4522 Φ
898 4449 1064 4526 Bertaldo
1082 4453 1153 4526 Co·

389 4552 1155 4744 sibilis.'liiiihf'iii‘aiib‘ii

388 4759 464 4846 da,
503 4753 708 4838 refidemr'bue
751 4780 820 4826 eum
861 4754 910 4826 eis
947 4755 982 4828 A
994 4803 1154 4829 .......
1157 4797 1162 4804 ·

389 4853 584 4956 Episcopus
624 4851 856 4930 Bononiensis
891 4853 1070 4948 Ecclesre,
1110 4857 1154 4930 (θ’

389 4959 589 5034 adalberto
613 4959 774 5046 Comes,
810 4957 856 5028 Θ·
888 4957 1070 5032 Adalbeero
1085 4963 1154 5048 Ju-

387 5061 449 5133 dee
474 5061 519 5134 (9·
543 5063 722 5150 Avoraro,
750 5057 937 5154 Floipeerus
962 5062 1077 5151 Juderr
1111 5060 1155 5132 (7

1267 3950 1417 4018 Auream
1456 3947 1577 4020 Domni
1615 3945 1779 4034 Bonifatii
1816 3947 2028 4042 Marciani,

1258 4046 1431 4138 Jobanm',
1459 4047 1665 4138 Radilandi,
1692 4049 1871 4140 Gbeeaedr',
1893 4051 2029 4143 Waldi,

1190 4148 1220 4218 E
1266 4147 1446 4220 Adalberti
1461 4149 1636 4240 judicibus
1661 4151 1754 4220 Sacri
1778 4151 1927 4240 Palatii,
1951 4157 2032 4224 Ber·

1268 4249 1366 4320 nardi
1390 4249 1566 4339 Notarius,
1592 4257 1707 4324 Petrus
1723 4249 1802 4340 filio
1826 4255 1903 4324 bone
1920 4279 2032 4340 menre-

1268 4353 1314 4420 rie
1338 4348 1458 4440 Pauli,
1486 4351 1675 4422 Tenderiebi
1692 4349 1769 4440 filio
1794 4356 1871 4424 bone
1888 4355 2031 4426 memorie

1268 4451 1479 4540 ildebrandi,
1523 4451 1614 4522 Petri
1648 4449 1727 4543 filio
1770 4457 1847 4526 bone
1889 4455 2032 4526 memorie

1268 4552 1444 4638 Warneri,
1484 4552 1642 4624 Gberardr'
1667 4551 1746 4644 filio
1777 4557 1855 4632 bone
1887 4555 2030 4628 memorie

1266 4652 1482 4742 Cbrijlosani,
1519 4656 1563 4724 (9'
1597 4653 1753 4750 reliquis:
1788 4656 1893 4754 ibique
1927 4681 2031 4729 eorum

1265 4754 1399 4826 veniens
1420 4753 1587 4851 presentiis
1611 4761 1675 4828 Leo
1692 4759 1877 4850 Presbytero
1895 4759 1939 4829 Θ
1954 4763 2029 4830 Ste-

1262 4855 1342 4947 fana
1375 4859 1580 4950 Presbytero,
1614 4857 1660 4927 θ
1694 4862 1854 4932 Lonberto
1888 4857 2029 4948 Clerico,

1266 4959 1312 5028 θ’
1335 4957 1504 5056 arslegbino
1528 4959 1674 5050 Cleriro,
1701 4959 1865 5034 Koronicr'
1898 4959 1942 5029 Θ
1971 4965 2031 5027 Or·

1265 5059 1389 5134 dinarii
1430 5060 1471 5133 tle
1506 5051 1649 5147 Esrlesia
1688 5057 2033 5239 micharii&

1963 5197 1982 5257 ⁵
