4570 6096
446 395 505 504 ip
744 387 1148 508 ANTIQUIT.
1207 380 1441 478 MEDII
1492 385 1676 478 ΑΕΗ
1910 425 1968 485 ao

389 510 482 586 mntc
514 503 573 602 sut
607 505 681 602 sure
720 507 885 606 occupasset
920 511 1068 603 inlicite,
1111 512 1155 582 Ο·
1194 511 1228 584 A
1262 508 1329 606 piis
1352 512 1376 581 d
1403 511 1507 583 Petro
1542 513 1698 606 quondam
1722 506 1875 609 ejusdem
1901 513 2026 586 secta

390 629 499 682 contra
525 618 660 706 Legem.
696 617 805 706 Quam
840 614 1004 684 temdum
1036 611 1155 709 prosata

391 712 486 805 Misi
512 712 608 799 nasim
637 733 695 808 per
714 713 750 806 se
776 712 904 784 minime
928 712 1070 808 diffinire
1099 736 1154 812 po·

390 809 542 908 tut'ffent,
579 813 613 882 in
641 813 774 900 noslram
799 815 854 886 boc
875 817 1014 912 pleniter
1037 817 1154 888 delibe-

390 923 497 986 rauda
525 913 674 1008 suffimus
697 915 807 986 venire
838 917 1046 1012 presentiam.
1079 924 1156 1011 Qu

387 1013 587 1088 decedunt
620 1016 774 1112 diligenti
799 1017 948 1089 adbibita
983 1018 1154 1114 invesliga·

390 1115 476 1188 tiam
502 1117 547 1188 rei
571 1115 740 1188 veritatem
763 1117 1011 1214 perquireremus
1021 1171 1155 1191 .......

384 1216 548 1315 predictas
572 1221 675 1292 Abba
704 1219 865 1314 optutibus
890 1217 1002 1306 noslrr's
1027 1227 1154 1291 Praece-

386 1339 450 1416 pta
473 1320 675 1416 antiquorum
702 1328 856 1415 Regum,
893 1347 1006 1392 necnon
1034 1322 1078 1390 (9·
1103 1325 1155 1392 bo·

1266 607 1331 684 stae
1357 607 1533 712 Episcopo
1552 610 1800 683 commutationis
1819 613 1929 684 ordine
1949 636 2027 709 pas·
2133 643 2141 646 ·

1264 713 1294 784 ti
1324 715 1540 810 prenominate
1573 711 1687 784 Sansli
1720 713 1859 784 Zenonis
1892 711 2029 797 Ecclelie

1265 814 1456 912 conquistvir
1476 817 1522 887 ad
1544 815 1740 886 babendum.
1766 815 1831 886 sea
1855 816 1932 911 qut'a
1954 817 2023 889 Re·

1267 914 1347 1013 giae
1373 913 1552 1014 potestatis
1580 913 1708 988 Missus
1735 915 1818 986 inter
1842 917 1901 990 bas
1921 916 2028 1006 desua.

1267 1037 1318 1087 rat
1343 1015 1616 1106 commutationes,
1647 1037 1706 1113 prs
1739 1015 1921 1108 hujusmodi
1945 1043 2028 1090 occa·

1260 1116 1403 1201 stonibus
1437 1117 1636 1207 aditnendis,
1672 1143 1711 1186 ne
1745 1117 1812 1187 ideo
1845 1121 1887 1189 ab
1921 1121 2027 1191 eadem

1267 1215 1407 1302 Ecclesia
1441 1218 1626 1307 auferantur
1640 1225 1660 1306 ,'
1691 1218 1839 1312 quoniam
1878 1219 2027 1316 legaliter

1266 1317 1381 1416 absque
1407 1318 1521 1418 Regio
1547 1317 1657 1392 Misso
1684 1344 1745 1388 non
1776 1338 1924 1419 poterant
1949 1345 2027 1391 cons·

389 1447 430 1491 ne
455 1421 597 1491 memorie
624 1419 699 1494 Avi
728 1420 833 1494 nostri
864 1425 999 1494 Domni
1027 1419 1154 1496 Koroli
1194 1420 1223 1490 B
1268 1421 1407 1512 mutari,
1433 1421 1515 1494 banc
1540 1419 1674 1508 noslranr
1694 1419 1913 1492 anlloritatern
1931 1423 2030 1519 super

386 1521 625 1617 pressantisssmi
650 1521 898 1621 Imperatoris,
924 1521 1155 1596 verumetiam

392 1623 438 1694 (9¹
473 1622 658 1698 Avunculi
695 1623 800 1698 nostri
844 1621 963 1724 Pipini
1000 1627 1155 1722 qnondam

385 1724 516 1821 gloriosi
552 1725 682 1825 Regis,
721 1723 985 1824 Domniquc&
1014 1725 1151 1828 genito·

388 1823 439 1898 ris
459 1825 563 1900 nostri
592 1826 801 1902 illudowici
823 1827 1010 1919 serenr'ffinti
1031 1833 1150 1927 Augu·

387 1923 451 1998 Isi.
486 1934 560 2020 Qus
584 1930 661 1998 drtm
687 1929 785 2024 relegi
805 1925 1002 2022 secissemus,
1037 1950 1151 2022 cornpc·

335 2099 338 2107 ,
388 2025 493 2098 sitnm
511 2027 594 2118 susle
621 2029 665 2099 Θ
690 2031 929 2102 rationabiliter
960 2031 1050 2124 parti
1077 2035 1149 2101 Mc·

388 2128 519 2215 naslerii
552 2127 666 2203 senili
690 2132 829 2202 Zenonis
856 2131 890 2201 in
917 2131 1060 2203 omnibus
1092 2151 1151 2226 pn·

382 2229 532 2322 seuerum
558 2233 603 2302 &⁶
627 2233 734 2329 capuli
761 2233 821 2324 seu
845 2233 982 2325 decime,
1019 2229 1064 2303 θ’·
1088 2257 1150 2302 om·

1265 1521 1407 1618 presntas
1425 1521 1678 1594 commutationes
1695 1523 1810 1594 addere
1828 1521 1946 1615 libuit,
1970 1545 2029 1620 per

1266 1647 1344 1720 quos
1365 1622 1534 1717 jubemus,
1570 1625 1614 1692 (t
1639 1623 1819 1715 mansurum
1837 1622 2026 1716 sancimus,

1266 1744 1304 1794 ut
1329 1726 1437 1797 nullus
1463 1724 1618 1817 fidelium
1641 1724 1758 1798 Sanlle
1784 1723 1848 1797 Dei
1872 1727 2027 1818 Eccleste,

1268 1824 1495 1924 noslrorumque
1519 1827 1561 1900 ab
1586 1827 1660 1898 binc
1686 1827 1720 1896 in
1746 1845 1842 1899 antea
1867 1828 1942 1898 inde
1966 1829 2030 1902 ali·

1268 1951 1363 2020 quarn
1400 1927 1492 2022 parti
1521 1927 1594 2021 sepe
1631 1927 1712 1996 dissi
1745 1927 1860 1998 Sanili
1890 1929 2030 2000 Zenonis

1270 2025 1384 2114 inserte
1406 2026 1566 2122 presumat
1591 2026 1867 2098 contrarietatem-⁸
1892 2029 1952 2120 sed
1985 2031 2029 2101 li·

1270 2147 1337 2196 ceat
1371 2129 1428 2218 ei,
1466 2147 1503 2198 ut
1536 2125 1622 2222 jusso
1659 2129 1788 2198 tramite
1823 2127 2028 2225 adquisivit,

1270 2227 1372 2324 quiete
1397 2227 1585 2302 Relloribtts
1611 2227 1708 2324 ipsius
1733 2231 1869 2315 Ecclesr'e
1884 2231 2032 2303 ordinare

388 2355 459 2406 ttern
483 2331 687 2405 stellionem·
707 2333 862 2428 pertinere
897 2333 1012 2431 absque
1045 2333 1149 2432 quali·
1194 2325 1225 2396 C
1270 2351 1365 2427 atque
1398 2330 1557 2427 disponere
1591 2330 1741 2426 quicquid
1764 2333 1893 2403 utilitas
1922 2335 2031 2428 predi·

387 2433 441 2504 ln
476 2432 512 2505 in
543 2455 635 2532 parte
669 2434 796 2532 aliquid
830 2435 1033 2507 redibitionis
1065 2437 1151 2508 debi-

387 2552 460 2612 tuto.
487 2535 585 2627 salvo
604 2535 759 2628 suasore
783 2535 818 2608 t'n
845 2534 1004 2632 integrum
1030 2539 1151 2610 territo·

388 2634 460 2724 rio,
496 2635 552 2706 ubi
579 2635 716 2722 Hoslilis
741 2657 965 2735 nuncupatur,
998 2639 1087 2729 cujus
1104 2637 1151 2728 fi·

286 2783 292 2786 -
390 2760 446 2818 nes
474 2733 553 2826 sunt
578 2741 600 2808 b
626 2740 716 2810 Pado
750 2738 843 2834 usque
872 2739 907 2810 in
932 2745 1041 2837 Caput
1069 2746 1151 2809 Tur·

390 2833 503 2936 trioni,
531 2838 575 2908 Θ
600 2843 622 2911 b
648 2835 743 2933 Fossa
768 2841 876 2914 Lubia
901 2841 995 2938 usque
1012 2839 1151 2932 adFos·

384 2937 459 3030 saort
484 2939 634 3036 -chiam
668 2943 714 3012 θ
747 2943 934 3015 Pollitinem
964 2942 1065 3036 juxta
1089 2947 1150 3013 Ca-

383 3037 489 3126 slrunr
507 3041 649 3114 itemst.
679 3044 809 3138 Ideoque
826 3047 872 3118 ad
893 3043 1051 3140 presatum
1069 3049 1152 3115 San·

1271 2429 1317 2501 tte
1341 2431 1518 2504 dillavcrit
1551 2431 1703 2515 Ecclesc‘e.
1739 2433 1780 2502 sc·
1812 2457 1912 2523 vero,
1948 2436 2035 2529 quod

1266 2531 1411 2620 suturuns
1453 2558 1514 2602 non
1554 2531 1706 2603 credimus
1743 2533 1884 2629 aliquis,
1924 2538 2031 2626 Dux,

1271 2637 1404 2724 Comes,
1440 2651 1495 2704 aut
1522 2630 1690 2726 cujuslibet
1714 2633 2031 2727 amministrationis,

1270 2753 1329 2804 aut
1349 2735 1486 2832 privata
1508 2735 1640 2830 persesna
1665 2755 1771 2807 contra
1791 2735 1897 2807 omnia
1915 2737 2031 2834 supra·

1264 2835 1387 2932 scripta
1412 2836 1517 2906 moliri
1541 2835 1668 2932 aliquid
1699 2835 1944 2934 presumpserit,
1972 2837 2033 2931 sert

1272 2933 1452 3031 instangere
1475 2939 1532 3008 vel
1557 2959 1745 3034 eorrumpere
1769 2966 1807 3008 erc
1829 2958 1946 3038 parte,
1972 2959 2031 3011 atet

1271 3065 1309 3109 ex
1333 3059 1397 3110 toto
1421 3038 1650 3136 temptaverit,
1680 3038 1764 3134 sciat
1791 3040 1830 3134 se
1853 3040 2032 3136 compostu-

391 3137 477 3212 slum
502 3168 539 3213 ac
563 3141 773 3213 venerabilem
808 3145 863 3214 bss
887 3144 986 3233 noslre
1018 3143 1151 3218 mlieri-
1271 3167 1340 3212 rum
1374 3141 1464 3214 mille
1498 3141 1665 3232 Mancosos
1698 3141 1773 3213 euri
1804 3142 1932 3236 obrizi,
1967 3167 2032 3213 me.

392 3242 475 3315 tatis
499 3243 602 3339 apices
617 3240 699 3334 ficri
717 3240 885 3336 suffimus,
916 3267 974 3342 per
998 3272 1074 3344 quos
1094 3249 1151 3320 ab·
1196 3225 1232 3294 D
1269 3243 1420 3316 dietatem
1454 3249 1604 3315 Camerae
1630 3245 1773 3334 nostrae,
1810 3244 1855 3314 (9⁶
1879 3231 2031 3317 modicia·

384 3341 467 3438 sque
505 3343 647 3440 qualibet
681 3341 903 3438 inquietudine
935 3349 981 3420 ab
1009 3348 1082 3420 bine
1118 3349 1152 3420 irs

273 3447 278 3454 '
389 3441 540 3535 sutnrurn
564 3442 667 3532 uoslra
691 3443 880 3518 aussoritate
905 3467 1030 3540 teneat,
1057 3448 1149 3538 susle·
1184 3511 1186 3514 .

392 3570 455 3642 que
472 3547 608 3637 srucndo
629 3546 800 3642 possideat.
824 3547 954 3644 insitper
970 3551 1080 3619 retulit
1098 3575 1148 3617 no·
1185 3615 1186 3620 ,

391 3647 443 3722 bis
470 3647 639 3722 Ratasdus
666 3645 886 3743 Episcopus,
921 3647 973 3718 eui
994 3647 1152 3746 presacnrn

393 3747 624 3835 Manasserium
663 3749 766 3835 nostra
804 3745 992 3820 ausisritate
1027 3750 1072 3820 ad
1106 3775 1150 3818 re.

389 3850 531 3945 gendum
566 3845 752 3946 commissum
778 3869 869 3938 erat,
906 3875 939 3920 eo
973 3851 1055 3946 qnod
1080 3853 1150 3922 Go-

394 3947 496 4022 radus
523 3955 653 4024 Comes
688 3951 816 4047 aliquas
840 3951 872 4021 ei
897 3951 1014 4039 inserat
1048 3971 1153 4024 contra

1271 3363 1335 3416 tem
1354 3343 1427 3439 sam
1452 3345 1537 3416 disse
1562 3345 1757 3429 Monaslars'o
1782 3345 1853 3417 &a

1321 3445 1539 3516 Druslemirtrs
1563 3445 1779 3513 Subdiaconttt
1803 3463 1899 3538 atquc
1927 3449 2032 3516 Noto·

1269 3544 1336 3615 rins
1360 3546 1404 3614 ad
1427 3545 1529 3614 vicem
1555 3541 1774 3632 Hermensredi
1792 3541 1926 3640 scripfi.

1308 3649 1412 3718 Dara
1426 3647 1550 3717 XVIII.
1565 3643 1734 3716 Kalendas
1747 3645 1940 3734 Februarii,
1951 3649 2030 3726 atu

1270 3771 1309 3816 no
1334 3745 1458 3834 Cbrisln
1479 3745 1617 3842 propitio
1642 3745 1775 3840 Imperii
1797 3746 1919 3818 Domni
1943 3751 2028 3818 IIlu·

1268 3847 1391 3918 doctrici
1422 3845 1615 3940 serenissimi
1638 3849 1839 3942 Imperatoris
1873 3853 1948 3922 XII.
1982 3849 2028 3924 (θ’

1270 3949 1440 4022 Hlotbarii
1466 3951 1525 4020 III.
1553 3945 1730 4020 Indillione
1755 3953 1814 4020 XI.

395 4052 588 4142 causationes
612 4055 655 4123 tle
677 4052 863 4149 quibusdam
890 4056 979 4125 rebam
1004 4054 1049 4124 (t
1065 4078 1155 4125 man·
1249 4045 1252 4071 ³
1319 4049 1446 4124 osllnnt
1479 4053 1624 4120 Mantua
1658 4047 1794 4122 Palatio
1822 4050 1953 4148 Regio,
1992 4049 2028 4124 in

396 4149 511 4248 tipiis,
537 4181 597 4250 que
620 4154 699 4224 olim
723 4153 934 4248 predecessor
956 4155 1077 4252 presati
1093 4159 1155 4225 Go-
1196 4148 1229 4216 E
1270 4152 1335 4225 Dei
1360 4150 1503 4238 nornine,
1524 4148 1680 4239 feliciter.
1706 4151 1847 4224 mnen.‘

396 4253 473 4325 radi
506 4253 686 4329 Vuirirrus
721 4257 845 4326 nomine
879 4283 949 4328 cnm
981 4255 1155 4356 Episcopo

398 4355 586 4430 Btixianae
612 4353 787 4428 Ecclesiae
811 4355 1035 4431 Chuniberro
1057 4353 1157 4427 norni-

397 4481 440 4528 rte
461 4477 731 4546 commutaverat,
759 4458 803 4528 Θ
828 4477 953 4530 econtra
967 4457 1034 4544 sibi
1055 4453 1161 4554 pleriq

396 4580 467 4632 tam
489 4579 647 4654 acceperat
673 4557 958 4631 commutationem.
985 4565 1057 4652 Qus
1081 4558 1157 4626 dum

394 4659 496 4734 tltilt'a
528 4659 595 4757 poss
620 4659 742 4756 ailquot
775 4660 843 4731 dies
875 4658 960 4730 idem
992 4657 1158 4731 Ratoldut

392 4762 591 4836 ‘venerabilis
617 4760 790 4857 Episcopus
809 4759 932 4857 pensate
956 4759 1070 4855 Sansli
1094 4763 1155 4831 Ze·

394 4863 488 4938 nonis
513 4861 655 4946 Ecclesie
684 4855 743 4956 esse
766 4857 973 4960 cagmvisset,
1008 4861 1096 4934 datis
1121 4859 1156 4930 irs

395 4963 672 5061 recompensatione
707 4963 798 5059 parti
832 4961 973 5060 pledible
1012 4969 1157 5036 Breuone

396 5065 530 5156 Ecclese
563 5064 803 5166 congruentibus
835 5067 926 5139 rebus
962 5064 1007 5138 θ’
1040 5061 1157 5144 mentis

1321 4249 1414 4325 Hcic
1433 4249 1566 4324 dicitur
1579 4272 1657 4348 pars
1674 4251 1797 4322 Goradi
1809 4251 1942 4324 Comitis
1960 4251 2030 4326 Sis·

1271 4369 1354 4425 ram
1379 4351 1483 4424 iliam
1505 4351 1684 4442 occupasse
1707 4349 1872 4443 inlicite,
1889 4355 1924 4425 ἀ
1944 4379 2029 4428 corr·

1273 4471 1324 4527 tra
1350 4456 1505 4552 Legem.
1541 4455 1657 4526 Erant
1686 4450 1894 4526 comitibus
1921 4455 2029 4529 Atto·

1271 4553 1351 4645 dia,
1378 4551 1462 4645 sed,
1490 4571 1530 4628 nt
1550 4552 1587 4628 in
1617 4551 1837 4654 praecedenti
1859 4553 2027 4630 Differre·

1271 4654 1371 4730 tione
1396 4654 1543 4744 monui,
1578 4671 1678 4729 erant
1703 4657 1738 4728 δι
1765 4652 1823 4728 sna
1851 4655 1951 4752 iura,
1987 4681 2028 4731 ac

1269 4755 1348 4831 tati
1372 4757 1505 4832 reditus
1531 4783 1575 4832 ex
1601 4755 1724 4832 officio
1747 4756 1955 4840 Comitatus
1970 4781 2031 4831 en·
2090 4757 2097 4762 ’

1272 4855 1475 4960 iussamque
1501 4857 1631 4950 Urbis,
1658 4856 1782 4931 diverfi
1808 4859 1829 4931 ὲ
1855 4857 2030 4951 tributis,

1269 4986 1310 5034 ac
1335 4960 1508 5035 reditibus
1536 4959 1649 5061 Regio
1676 4958 1778 5033 Fisco
1799 4957 1950 5032 debitis.
1970 4959 2031 5036 Itt·

1270 5079 1406 5141 certum
1428 5059 1499 5156 est,
1522 5087 1609 5137 num
1634 5060 1668 5138 is
1690 5059 1786 5137 intes
1803 5055 1952 5159 Alledia
1968 5055 2030 5146 sua
2182 5103 2189 5110 ·

1858 5183 1983 5250 nume!
