4536 6064
499 408 583 496 ,μ
791 379 1208 501 aurinum.
1268 371 1504 470 Mauri
1556 312 1788 470 aaut
1933 413 2017 500 ⁷52

441 497 513 572 luti
541 496 602 574 uni
630 499 820 573 Veronensi
858 497 1030 574 Ecdefiae
1065 497 1206 574 conces·
1244 495 1279 566 A
1317 499 1527 574 innuebrm.
1554 500 1596 573 ln
1624 501 1728 574 Bulla
1754 494 1930 574 Pascbolis
1957 508 1983 576 1.
2012 505 2083 577 ea·

440 601 541 692 sum,
576 626 684 698 quum
722 618 840 676 tamen
868 601 911 675 ad
937 627 1060 682 omncs
1097 599 1206 701 perti·

440 721 542 778 neret
569 699 758 776 Ecclefias.
787 707 918 777 Datum
947 701 993 777 cst
1021 701 1204 804 Ughrllia·

441 829 528 880 num
556 805 760 900 exemplum
789 811 877 880 XVI.
913 805 1092 878 Kalendae
1110 809 1207 876 Mar-

441 907 485 982 tii
493 955 505 988 ‚
515 911 617 980 Arno
627 906 812 979 Domirricae
826 907 1058 980 Irrarnatiortis
1070 911 1133 980 DC
1133 912 1191 978 CC
1190 947 1206 960 ·

442 1011 616 1084 LXXXII.
661 1005 841 1080 Irrdissr'orre
879 1013 951 1081 XV.
992 1014 1096 1080 Anno
1134 1013 1208 1078 ueri

443 1107 574 1210 Imperii
598 1107 719 1182 Domut⁸
745 1109 864 1182 Karolr'
888 1108 1079 1202 Sercmffirm
1105 1113 1208 1204 Impe-

442 1211 559 1286 ratoris
584 1213 743 1284 Secundo.
769 1207 896 1284 Altam
922 1217 1086 1282 Ravenna
1109 1209 1208 1280 Ciui-

428 1335 529 1388 tate.
568 1309 677 1386 Reae
703 1308 788 1386 haec
815 1309 1037 1411 confignato,
1063 1311 1099 1384 8<
1126 1308 1207 1384 inde

1319 627 1381 696 poe
1427 628 1491 700 pro
1526 599 1807 702 Archiepiscopo
1849 604 2081 684 Ravennae,

1322 705 1412 776 Part.
1441 706 1468 776 I.
1495 701 1608 777 Tomi
1647 706 1693 776 II.
1721 729 1798 804 pag.
1826 725 1912 776 220.
1942 707 2020 778 Rer.
2048 707 2085 776 1·

1319 803 1456 878 talicar.
1483 806 1659 902 ericumque
1684 803 1906 884 interdicitur,
1932 807 2086 886 Colores,

1318 925 1376 978 aut
1409 905 1614 986 Partiarios,
1650 902 1699 984 &¹
1733 912 1850 978 Servos
1885 904 2087 998 subjacentes

1317 1006 1406 1105 parti
1433 1005 1568 1100 sardae
1592 1008 1713 1094 uellrae
1738 1004 1895 1090 Ecclesiae
1919 1007 1964 1080 ad
1994 1005 2085 1076 misi-

1318 1111 1453 1181 tartdrrm
1483 1105 1693 1201 subtrahere.
1729 1107 1965 1206 I)u·Cattgius¹
1990 1112 2086 1178 Colo-

1320 1235 1374 1282 nos
1399 1207 1499 1284 fuisse
1526 1209 1645 1283 censet
1670 1211 1790 1307 noadiae
1813 1209 2002 1282 mordirionis
2027 1209 2084 1280 in·

1320 1331 1367 1382 ter
1393 1313 1548 1408 Ingenuus
1577 1311 1634 1403 [ιιι
1669 1313 1822 1390 Liberos,
1858 1305 1909 1388 &¹
1942 1313 2085 1382 seruos.

444 1411 702 1492 emendandum
729 1411 775 1486 est
801 1413 1003 1512 exemplum
1032 1412 1075 1485 ab
1099 1413 1208 1484 Arre·
1252 1419 1279 1490 B
1319 1411 1384 1486 Sed
1420 1438 1529 1510 quum
1566 1438 1676 1508 nuper
1712 1410 1905 1484 uiderimus
1939 1410 1978 1484 in
2014 1408 2086 1484 Di·
2119 1445 2123 1452 ·

442 1517 523 1594 tina
542 1512 696 1590 Ecclesia
715 1512 778 1588 srbi
800 1529 1046 1614 procuratum.
1068 1516 1103 1586 A
1124 1538 1207 1584 vero

442 1617 584 1698 sortasse
609 1643 682 1690 non
719 1614 883 1694 abludat,
919 1614 981 1712 qui
1014 1613 1208 1713 opinetur,

442 1719 655 1798 Arretinum
691 1716 903 1818 Episcopum
932 1719 1041 1789 Anno
1068 1717 1205 1789 tantum

321 1855 327 1872 ·
443 1819 667 1922 subsequenti
703 1819 1046 1894 DCCCLXXXIII.
1082 1814 1209 1912 exqui-

445 1923 533 1999 siisse
573 1921 745 2024 ejusmodi
783 1922 1006 2018 exemplum:
1050 1917 1206 1992 Scribam

445 2032 561 2108 verb,
605 2021 678 2098 siue
718 2022 943 2121 Inquirinum
986 2017 1207 2099 Notarium,

446 2135 565 2232 quum'
582 2123 674 2200 illud
700 2127 719 2198 ὲ
748 2140 942 2224 prototypo
968 2117 1205 2196 describeret,

446 2231 508 2308 usu
534 2227 636 2304 Anni
662 2223 878 2302 decurrentis
904 2223 1115 2324 dereptum,
1151 2218 1208 2294 in-

1320 1515 1477 1611 plomare
1503 1513 1627 1587 Caroli
1651 1511 1763 1587 Crassi
1790 1511 2008 1586 mentionem
2028 1511 2085 1584 sa-

1319 1613 1412 1688 &am
1440 1613 1483 1687 de
1517 1614 1647 1706 Cosanis
1680 1613 1833 1695 Liberis,
1868 1613 1946 1688 veri
1982 1611 2083 1686 vide-

1319 1733 1378 1790 tur
1403 1713 1574 1807 fimilius‚
1602 1713 1773 1816 ejusmodi
1800 1713 1947 1788 nomine
1972 1713 2084 1788 dona-

1319 1835 1376 1891 tos
1401 1834 1476 1891 tam
1503 1819 1655 1892 Liberos
1681 1815 1870 1896 homines,
1897 1817 2001 1914 quim
2027 1817 2084 1888 al-

1320 1917 1430 1994 terius
1457 1917 1696 1999 conditionis.
1724 1917 1766 1992 ad
1793 1917 1958 1992 colendos
1984 1943 2086 2017 agros

1321 2036 1405 2137 turpe
1440 2018 1642 2094 adhibitos.
1683 2019 1845 2093 Parriarir'
1884 2019 2054 2118 appellati
2073 2073 2102 2107 ,Α

1320 2121 2088 2322 illasii?..libulisss'liiitils

447 2349 563 2408 caute·
598 2325 745 2428 posuilie
794 2353 857 2427 pro
897 2329 1007 2398 Anno
1054 2324 1208 2396 DCCC·
1245 2325 1276 2396 C
1320 2323 1441 2422 quales
1468 2324 1675 2423 plerumque
1699 2325 1804 2400 Adii
1838 2323 1952 2398 fuere.
1980 2322 2088 2397 Scili-

446 2435 634 2514 Lxxxss.
673 2433 820 2504 Annum
863 2426 1205 2502 DCCCLXXXIII.

446 2535 571 2614 ceteris
589 2530 718 2608 rectius
737 2527 898 2631 signatis.
923 2531 1045 2626 Atque
1064 2525 1101 2600 id
1121 2549 1207 2598 con-

447 2639 628 2716 firmatum
646 2631 738 2707 infra
753 2631 872 2706 videas
891 2628 930 2704 in
950 2629 1091 2703 Dissert.
1108 2630 1204 2700 XIX.

444 2745 486 2814 de
511 2737 678 2818 Tribrrtir,
715 2733 777 2808 ubi
812 2732 945 2808 Charta
972 2731 1014 2804 ad
1042 2729 1202 2806 Landum

446 2839 661 2942 Episcopum
701 2831 973 2911 Cremonensem
1019 2829 1206 2932 sptium,

446 2961 552 3042 atque
592 2940 659 3013 hoc
700 2937 794 3010 idem
838 2933 1009 3034 Diploma
1049 2931 1206 3027 comple-

445 3045 565 3124 uene,
590 3039 679 3113 illud
704 3035 849 3111 exhibet
868 3034 989 3109 datum
1009 3035 1119 3108 Anno
1138 3030 1206 3107 ch.

447 3142 735 3220 ucccuxxu.
767 3142 850 3234 Qua
885 3161 929 3212 ex
956 3163 993 3214 re
1019 3133 1208 3212 confirma·

1322 2441 1378 2498 cet
1415 2421 1507 2500 infra
1542 2425 1700 2509 Liberos,
1740 2425 1797 2499 sed
1835 2425 1935 2524 supra
1969 2431 2089 2498 Servor

1322 2522 1465 2600 suerunt
1487 2527 1612 2610 atati,
1638 2528 1676 2602 in
1702 2553 1790 2623 quoe
1815 2527 1927 2600 adltuc
1953 2525 2004 2598 ita
2028 2525 2089 2626 jue

1324 2625 1423 2702 suum
1450 2627 1625 2702 retinebat
1652 2628 1852 2708 Dominus,
1884 2645 1924 2700 ut
1951 2624 1974 2698 li
2002 2625 2089 2724 quic

1287 2817 1291 2824 ι
1323 2755 1365 2803 tx
1401 2727 1448 2802 iit
1482 2726 1597 2826 sugam
1633 2743 1792 2825 caperet,
1832 2745 1895 2800 aut
1930 2729 2091 2800 alterum
2176 2749 2180 2756 '

1323 2829 1386 2903 libi
1413 2829 1650 2902 Dominarum
1677 2847 1880 2924 quaereret,
1907 2829 2089 2904 continuo

1324 2929 1365 3006 ad
1394 2927 1578 3004 servitium
1614 2927 1832 3009 retraheret,
1867 2930 1901 3002 &
1939 2928 2001 3026 qui
2028 2927 2088 3003 fu·-
2224 2989 2225 3004 .

1323 3030 1479 3134 gitiuum
1504 3029 1663 3112 celasset,
1691 3029 1824 3104 mulbli
1851 3029 2085 3129 pleileretur.
2224 3123 2225 3130 ἵ

1322 3132 1421 3208 Audi
1458 3131 1719 3229 Liutprondum
1758 3136 1887 3232 Regem
1921 3130 1960 3204 in
1986 3133 2085 3231 Lege

446 3246 477 3322 ri
515 3244 672 3334 videas,
710 3265 953 3342 quoecumque
989 3238 1028 3313 in
1065 3237 1207 3311 Dissert.
1252 3239 1284 3306 D
1323 3239 1403 3308 XV.
1440 3233 1524 3310 Lib.
1552 3238 1615 3306 Vl.
1644 3233 1837 3307 stateras
1871 3231 2085 3328 cojuscunque

447 3351 615 3423 XXXIV.
659 3347 699 3418 de
743 3343 941 3442 Dipsomarir
988 3337 1207 3416 indicaturus

446 3450 549 3543 sum,
586 3473 711 3546 nempe
736 3443 810 3546 ipsa
836 3441 1041 3518 authentica
1075 3441 1208 3516 immu-

445 3553 506 3628 nia
543 3549 722 3627 interdurn
759 3571 831 3620 non
866 3545 932 3618 esse
956 3547 978 3616 i
1005 3542 1208 3618 Clrronolo-

444 3654 535 3758 gicis
561 3649 719 3727 mendis.
755 3645 848 3722 Heic
872 3672 958 3746 ergo
984 3643 1205 3720 animadver-

444 3756 557 3845 tetis,
592 3747 762 3828 interdici
787 3746 998 3836 distriosr'orrrt
1034 3749 1068 3818 irt
1095 3750 1206 3820 sideros

444 3853 642 3954 Maisolos,
680 3847 730 3932 ἐφ’
763 3857 900 3930 servu.
938 3849 984 3919 (9⁶
1017 3849 1179 3922 «Aldioner
1193 3898 1204 3930 ,

437 3959 534 4055 super
558 3953 697 4039 Ecclesia
725 3953 788 4025 icae
814 3977 861 4022 res
878 3947 1073 4035 residentes.
1110 3948 1203 4023 Infra

443 4061 550 4134 etiam
588 4053 818 4155 Reipublicae
854 4049 1013 4128 Ministri
1041 4068 1206 4126 vetantur

442 4161 629 4257 distringere
663 4151 836 4251 Maffarior
870 4151 918 4232 ό)
953 4159 1082 4226 Colores
1123 4151 1207 4237 sibeg-

443 4287 516 4348 ros,
542 4259 728 4338 assessorem,
753 4257 809 4328 uel
834 4253 952 4352 (idest
977 4255 1046 4336 θ’,
1084 4270 1124 4330 ut
1151 4253 1207 4330 su·

444 4363 528 4466 pra)
556 4367 671 4433 servor
695 4359 826 4455 quosapue
853 4354 1018 4441 reficientes
1037 4356 1134 4454 super
1159 4381 1208 4428 rer

441 4461 631 4539 Arretinae
666 4457 860 4530 Ecclesiae.
897 4462 950 4538 En
988 4455 1136 4552 triplex.
1159 4456 1206 4531 il-

441 4565 502 4640 lud
529 4560 764 4666 agricolarum
789 4583 924 4659 genus,
957 4557 1056 4658 quod
1092 4583 1204 4658 nuper

1322 3337 1356 3408 irr
1380 3334 1453 3428 casa
1477 3336 1611 3408 alteriue
1638 3333 1710 3420 fine
1736 3333 1854 3406 notitia
1879 3333 2012 3406 Domini
2034 3332 2086 3422 [ui

1315 3437 1461 3534 sugerit,
1496 3461 1592 3532 qaum
1629 3435 1789 3508 inuenerit
1824 3462 1892 3506 error
1927 3434 2085 3520 Dominus

1314 3539 1420 3630 suus.
1451 3535 1499 3622 fic
1530 3535 1645 3610 dalcae
1679 3539 1755 3610 dare
1787 3538 1876 3610 horto
1903 3536 1991 3634 ipse,
2027 3533 2083 3630 qui

1320 3665 1390 3712 eum
1413 3637 1580 3718 babuerit,
1606 3659 1735 3735 operas,
1772 3639 1918 3735 quomodo
1942 3640 1983 3710 de
2007 3643 2083 3710 Ser-

1321 3767 1383 3816 uo.
1422 3737 1532 3833 Quod
1566 3735 1591 3810 li
1628 3739 1759 3813 Aldine
1799 3738 1950 3840 liberum
1993 3736 2083 3812 torre

1322 3869 1361 3918 ac
1388 3841 1581 3941 ingenuum
1609 3837 1641 3914 se
1668 3839 1881 3923 venditans,
1921 3857 2084 3916 excutere

1321 3946 1440 4045 jugum
1471 3959 1675 4016 conaretur:
1705 3959 1767 4016 aut
1793 3957 1874 4017 aute
1901 3941 2083 4033 Judirem‚

1320 4065 1381 4124 aut
1408 4041 1534 4118 mediis
1569 4041 1738 4126 arbitris,
1776 4041 1960 4143 agnoscere
1998 4069 2083 4116 con-

1318 4147 1495 4222 ditionem
1523 4143 1646 4236 suam,
1685 4145 1956 4243 Dominumque
1985 4143 2084 4217 suum

1316 4247 1420 4324 soteri
1456 4246 1666 4346 cogebatur.
1706 4245 1815 4340 Quod
1855 4245 2028 4320 constabit
2064 4247 2084 4317 b
2121 4325 2123 4332 y

1315 4352 1476 4428 Charta,
1515 4373 1621 4444 quam
1659 4347 1908 4423 authenticam
1946 4345 2023 4422 vidi
2048 4348 2084 4418 bt

1315 4447 1476 4548 descripsi
1502 4450 1521 4521 e
1548 4447 1748 4526 Tabulario
1779 4447 1925 4550 insignis
1954 4451 2084 4524 Mont-

1314 4552 1409 4630 lierii
1435 4549 1662 4628 Ambrosiaui
1689 4549 1985 4629 Mediolanenlis.
