4594 6070
429 377 517 488 '187
725 371 1139 496 Antrourr.
1200 367 1665 464 rtanttatat
1869 385 1949 471 aaa

423 495 497 588 Ege
521 493 718 589 ingelbertus
742 489 909 590 Presbyter
933 501 1133 590 atqueCan·
1168 489 1202 560 A
1250 491 1518 570 adscisceretur.
1556 493 1664 589 Quod
1703 489 1812 569 etiam
1856 493 2010 594 apertius

369 592 518 664 cellarius
552 592 668 666 senne
703 595 896 680 Patauemsis
931 595 1067 681 Ecclesae
1099 625 1137 668 cre

366 691 503 788 jaffiane
538 691 676 787 ejusdem
710 696 832 768 Durani
862 697 1018 770 Ganslini
1051 699 1133 795 Epi·

363 792 478 890 scopi,
515 793 661 886 consensu
696 797 873 868 canslomm
906 804 1133 892 Sacerdotem,

371 897 417 966 tl
450 895 640 968 levitarum
675 897 757 970 bane
790 900 981 994 ernoeffianis
1001 906 1131 974 Carta·

370 996 438 1068 lam
452 1016 591 1093 *rogatur
616 996 756 1096 scripsi,
791 1021 885 1097 atque
915 1001 985 1099 pasl
1008 1003 1134 1076 tradita

367 1099 546 1194 cumplevi.
587 1107 590 1116 ’
851 1149 860 1165 .

420 1199 545 1272 Parem
583 1200 841 1278 concellionem
877 1203 921 1277 ab
954 1185 1150 1280 Adelberta‘

1248 592 1429 695 intelligas
1456 600 1619 669 acerbis
1654 595 1827 670 Monachi
1865 601 2010 698 Sangal-

1249 695 1350 780 lenfis
1384 695 1468 770 Lib.
1496 700 1524 772 Ι.
1551 701 1640 798 Cap.
1668 721 1727 771 22.
1753 695 1796 770 de
1821 697 1913 773 Gest.
1940 703 2011 774 Ca·

1248 796 1318 870 toli
1352 797 1513 898 Magni,
1548 799 1610 873 ubi
1645 797 1689 872 de
1724 798 1878 896 quodam
1922 801 2010 898 Epi·

1249 895 1353 998 scopo
1379 898 1452 972 ait:
1482 900 1547 974 Hic
1570 899 1685 973 habuit
1708 925 1807 972 nnnm
1834 898 2010 996 Vaffallum

1249 1023 1309 1070 non
1349 999 1519 1098 ignobilem
1557 1001 1678 1073 tioium
1710 1000 1875 1095 ficorum,
1913 1003 2011 1074 uelde

1239 1103 1403 1186 strennum
1428 1101 1473 1172 tl·
1498 1091 1717 1188 industriam:
1750 1107 1802 1172 cni
1836 1123 1943 1174 tamen
1961 1099 2012 1173 il·
2042 1169 2047 1178 .

1246 1202 1298 1292 le,
1325 1227 1364 1272 nr
1388 1203 1493 1276 dicam
1517 1207 1831 1277 BENEFICIUM
1851 1205 2009 1300 aliquod,

366 1297 523 1398 Episcopo
557 1304 749 1394 Patauino,
790 1303 956 1380 Gauelini
994 1304 1132 1404 praede·
1183 1374 1188 1380 ,
1242 1291 1310 1395 1ιᾶ
1338 1329 1377 1374 nr
1410 1304 1513 1375 ullum
1547 1305 1673 1400 quidem
1707 1305 1883 1400 aliqnando
1917 1307 2012 1380 blatt-

365 1397 495 1475 cclsore
511 1399 639 1476 fabiam
660 1404 829 1504 produxit
848 1405 1038 1507 Ugbellius
1057 1409 1132 1482 To·
1170 1387 1197 1458 Β
1246 1405 1324 1474 dnm
1342 1404 1515 1496 sermonem
1541 1406 1720 1502 impendit.
1749 1403 1841 1477 lllud
1868 1429 2009 1503 quoque
2075 1455 2089 1468 .-

364 1525 429 1576 mo
455 1507 501 1576 V.
530 1505 610 1577 Ital.
646 1507 738 1580 Sacc.
765 1506 821 1582 sed
858 1509 1033 1582 erroribus
1069 1535 1130 1584 un·

364 1601 474 1702 dique
514 1601 647 1679 scatent
671 1632 731 1680 m:
774 1633 880 1708 quam
923 1608 1049 1683 itidem
1092 1609 1131 1683 in

364 1700 427 1778 sua
454 1703 611 1780 Historia
639 1633 834 1799 batavino,
862 1735 983 1810 parum
1011 1727 1131 1784 tamen

365 1804 595 1905 castigatam,
621 1807 737 1884 rursus
764 1809 930 1886 exhibuit
956 1811 1130 1886 Sertorius

365 1903 542 1980 Ursatus.
578 1909 673 1982 Heic
709 1927 827 1986 autem
864 1911 1130 2004 animadverte,

363 2007 498 2082 tabulis
523 2009 689 2084 Gauslini
710 2011 898 2112 Episcopi,
925 2037 998 2086 non
1017 2009 1129 2086 sollaru

364 2109 566 2200 Gandnlfum
609 2111 763 2183 Comitem
809 2113 1010 2207 Veronensem
1053 2112 1128 2189 sub·

362 2207 536 2302 scribere,
572 2209 630 2287 cui
658 2211 864 2290 ncsciocur
890 2216 988 2290 locus
1022 2213 1131 2292 suerit

360 2308 403 2386 in
430 2337 473 2386 eo
499 2311 694 2416 Concilio;
723 2313 778 2389 sed
805 2317 841 2389 δι
869 2317 1070 2392 Sacerdotes
1093 2319 1131 2392 δι
1167 2287 1200 2364 C

360 2410 546 2487 Diaconos
564 2443 602 2486 ee
620 2417 762 2489 Cardine
789 2417 905 2509 Urbis,
932 2416 1017 2493 idest
1042 2423 1128 2494 Car·

362 2512 499 2588 dinalca
525 2516 752 2610 Canonicos,
779 2516 836 2594 seu
865 2519 1040 2594 Parncbos
1067 2525 1128 2594 Pa·

363 2613 508 2688 tavinae
534 2615 733 2715 civitatis;
761 2619 956 2692 nonenim
985 2619 1128 2693 subscri·

362 2713 453 2789 bunt
481 2715 632 2791 Parocbi
667 2716 854 2792 suburbani
882 2743 922 2790 ac
948 2717 1065 2792 rustici
1091 2747 1130 2789 ere

355 2814 500 2913 singulis
524 2817 697 2908 Plebibrct,
733 2821 792 2892 vel
830 2817 996 2892 nectores
1022 2845 1061 2889 ere
1084 2828 1126 2888 0.

360 2918 504 3007 taralis,
541 2915 626 2991 idest
659 2917 723 3016 qui
749 2919 923 3016 Capeliani
956 2935 1041 2994 tunc
1066 2947 1125 3020 ap·

235 3033 238 3044 ‘
360 3017 612 3116 pellabantur,
639 3017 806 3118 praesesli
833 3021 1039 3112 Oratoriia,
1066 3019 1125 3096 seu

359 3115 527 3193 Ecclestic
563 3119 764 3212 ruralibus,
805 3121 905 3194 Plebi
934 3119 1125 3214 subjectis,

359 3245 575 3320 quamquam
602 3220 752 3396 upigerfi
774 3220 889 3398 epdgpa
908 3223 1051 3398 {ynantdo
1070 3223 1125 3298 in·

357 3323 568 3518 {iiiiii
582 3326 919 3520 laseilbiaili
946 3351 1124 3522 iiiiii,

356 3524 496 3602 nobiles
516 3525 648 3623 ¹nempe
672 3525 778 3617 Viri,
805 3525 993 3600 famulatui
1022 3530 1123 3601 Prae·

355 3625 442 3701 lulis
478 3625 635 3716 addicti,
673 3627 736 3726 qui
772 3628 811 3699 eb
846 3627 889 3700 de
923 3625 1035 3699 caulli
1070 3626 1120 3700 so.

354 3725 591 3803 lemnioribua
619 3725 671 3799 sui
707 3725 863 3800 Senioria
899 3725 1035 3800 aslibue
1066 3727 1116 3802 in·

353 3827 476 3902 terelle
503 3825 932 3946 copsueverunmltaque
957 3829 1029 3930 jam
1047 3827 1118 4002 pri·

353 3951 481 4018 mum,
516 3952 556 4004 tn
592 3925 725 4017 fallor,
761 3927 948 4002 discrimen
986 3955 1118 4031 perpe·

351 4027 500 4119 ximus,
537 4027 633 4128 quod
659 4027 754 4103 inter
780 4046 940 4104 veteram
968 4035 1119 4106 Franco·

351 4153 432 4204 rum
461 4125 570 4224 Vassis·
584 4131 659 4218 save
686 4127 862 4226 Vaffalles,
889 4133 924 4205 &
944 4159 1003 4206 eos
1029 4159 1119 4232 quos
1164 4099 1193 4170 E

351 4255 447 4306 nunc
475 4228 629 4328 Vaffallcs
647 4233 862 4306 Feudatarios
879 4235 1117 4334 appellamus,

351 4329 618 4409 intercedebat.
659 4337 787 4424 Nunc,
814 4351 921 4434 atque
946 4335 966 4408 b
993 4336 1119 4412 multis

350 4433 487 4508 Seculis
525 4459 634 4508 nemo
670 4433 831 4529 Vaffallnr
865 4435 1118 4529 conslituitur,

350 4531 584 4614 uisitatione
621 4534 779 4630 Beneficii
813 4535 885 4612 stre
912 4539 1020 4614 Fendi
1044 4541 1117 4612 col·

348 4634 443 4738 lati;
478 4636 572 4711 olim
598 4661 685 4714 vero
710 4635 806 4718 nibil
833 4665 921 4734 opue
958 4636 1029 4713 suit
1054 4645 1119 4712 Be.

349 4735 483 4832 nefieia,
510 4753 551 4814 ut
576 4735 764 4837 quisquam
792 4740 880 4833 Vaffl
904 4739 1038 4816 bonore
1057 4739 1116 4814 do·

348 4855 515 4928 notetur,
540 4864 651 4940 quum
677 4837 716 4916 id
742 4865 870 4915 munuc
896 4839 935 4916 in
963 4867 1007 4916 eo
1030 4841 1116 4916 dun·

347 4951 450 5016 taxat
475 4939 579 5018 situm
606 4939 728 5034 foret,
753 4959 796 5016 ut
822 4941 864 5016 ad
890 4939 1115 5019 famulicium

348 5041 457 5145 Regia
469 5095 485 5142 ,
510 5061 573 5123 nat
598 5045 773 5140 Ducum,
805 5043 1019 5148 Comitum,
1046 5047 1115 5124 tec.

1249 1502 1426 1580 familiare
1467 1503 1575 1597 suit,
1615 1521 1656 1578 ut
1695 1504 1856 1580 seniores
1897 1503 2010 1579 Vaffic

1248 1603 1318 1680 suis
1344 1601 1564 1682 Beneficium
1590 1606 1735 1705 aliquod
1771 1605 2011 1707 largirentur,

1248 1731 1320 1806 quo
1346 1727 1465 1808 gratos
1490 1705 1525 1782 se
1550 1733 1673 1784 eorum
1699 1707 1847 1784 servitio
1874 1709 2014 1808 praebe·

1247 1826 1370 1898 rent,
1389 1835 1583 1908 eorumque
1625 1809 1793 1908 praesidio
1835 1809 1874 1883 in
1911 1811 2011 1882 rebus

1248 1907 1467 2008 potiffitnunt
1488 1910 1627 1986 bellicis
1647 1929 1849 1984 uterentur.
1876 1915 2010 1984 Verum

1246 2011 1349 2084 nullo
1375 2010 1488 2086 adbuc
1513 2031 1611 2085 certo
1637 2009 1720 2084 teste
1746 2008 1887 2100 didici,
1923 2028 2010 2084 tune

1246 2112 1293 2184 ob
1321 2111 1498 2188 beneficia
1525 2115 1656 2188 collata
1686 2108 1793 2207 Vassis
1816 2111 1942 2182 seniori
1968 2111 2012 2184 si.

1245 2211 1430 2289 delitatem
1459 2213 1609 2316 jurasse:
1647 2237 1758 2313 quum
1786 2231 1910 2286 contra
1938 2237 2012 2286 cer·

1247 2333 1324 2388 tuna
1361 2314 1454 2390 mibi
1494 2315 1562 2406 stt,
1601 2316 1649 2390 ob
1685 2313 1897 2410 differtum,
1941 2311 2011 2387 five

1245 2419 1493 2509 famulatum,
1523 2416 1662 2490 Seniori
1690 2414 1892 2514 praestitum
1919 2410 2010 2487 fuis.

1245 2517 1279 2591 se
1314 2517 1467 2616 ejusdem
1503 2515 1690 2590 fidelitatis
1725 2513 2010 2588 sacramentum.

1244 2619 1403 2690 Annales
1422 2622 1637 2690 Francorum
1657 2615 1700 2690 ad
1721 2619 1868 2688 Annum
1892 2617 2011 2691 DCC·

1244 2719 1363 2790 Lvtt.
1383 2718 1427 2790 de
1454 2715 1652 2815 supradibio
1678 2714 1860 2790 Taffilone
1888 2719 2009 2810 Duce,

1241 2821 1305 2916 qui
1332 2816 1366 2892 se
1392 2820 1427 2890 in
1453 2815 1607 2914 Vaffatica
1633 2819 1899 2892 commendavit
1928 2817 2010 2918 Pip-

1244 2917 1330 3017 pino
1366 2917 1480 3020 Regi,
1516 2919 1580 2994 hcc
1616 2920 1767 2994 babent:
1806 2925 2011 2992 Sacramenta

1236 3017 1370 3113 juravit
1404 3023 1507 3091 malta
1533 3022 1576 3090 θ
1604 3021 1878 3110 innumerabilia,
1914 3021 2010 3092 Reli.

1241 3121 1325 3216 qniis
1359 3121 1546 3194 sensianum
1581 3127 1768 3217 Martyrum
1802 3147 1915 3194 manns
1949 3125 2011 3192 im·

1163 3193 1196 3264 D
1237 3243 1384 3317 ponens.
1424 3229 1474 3295 Et
1504 3221 1701 3314 fidelitatem
1738 3223 1880 3322 promisit
1921 3221 2010 3321 Regi
2051 3229 2055 3236 '

1240 3325 1406 3420 Pippima,
1435 3323 1520 3410 stent
1557 3331 1731 3398 VASSVS
1763 3325 1851 3396 retia
1874 3345 2007 3416 mente,

1239 3424 1286 3494 tn
1304 3423 1408 3512 firmd
1426 3426 1613 3514 deuotione,
1638 3449 1696 3520 per
1714 3424 1878 3518 justitiam
1900 3431 2010 3497 tans.

1238 3529 1321 3594 slis
1341 3529 1525 3596 DOMINO
1544 3526 1601 3614 sao
1623 3522 1680 3614 esse
1703 3529 1844 3597 deberet.
1876 3527 1930 3596 De
1949 3551 2010 3598 eo·

1238 3627 1318 3698 dem
1337 3627 1436 3698 Duce
1450 3625 1494 3697 ad
1510 3629 1657 3698 Annum
1676 3627 2008 3702 DCCLllllllVll.

1186 3719 1190 3726 ’
1239 3724 1372 3799 addunt
1410 3727 1568 3800 Annales
1604 3725 1791 3801 francici:
1831 3727 2009 3816 Contrista-

1239 3846 1292 3898 tna
1317 3829 1436 3922 Taffiso
1469 3829 1563 3899 uenit
1596 3849 1653 3925 per
1680 3829 1903 3926 semetipsam,
1939 3849 2008 3902 tra·

1238 3937 1316 4000 dens
1345 3933 1381 4021 se
1416 3931 1564 4002 manibus
1596 3931 1718 4002 Damni
1755 3931 1859 4028 Regia
1894 3929 2007 4002 Caroli

1241 4031 1275 4102 in
1304 4027 1514 4124 Vaffaticam,
1551 4032 1596 4102 (θ’
1621 4034 1753 4104 reddens
1779 4038 1939 4105 Dncatnm
1958 4029 2008 4117 st·

1238 4133 1273 4203 bi
1299 4129 1486 4226 commissam
1511 4137 1534 4204 d
1559 4139 1684 4205 Damno
1718 4133 1858 4230 Pippina
1892 4141 2005 4228 Rege.

1240 4237 1296 4308 En
1324 4251 1364 4334 ut
1399 4233 1495 4306 idem
1520 4235 1568 4309 ob
1608 4232 1798 4328 Vaffatirum
1833 4235 2005 4334 jusjuran-

1239 4334 1323 4408 dum
1351 4333 1546 4432 praellitit·
1575 4336 1622 4410 ob
1649 4339 1825 4410 Ducatum
1847 4339 1932 4410 verb
1950 4333 2007 4409 ni·

1238 4434 1314 4528 bil,
1341 4435 1455 4509 immo
1480 4399 1595 4537 ipsum
1623 4439 1756 4512 Carolo
1785 4435 1875 4538 Regi
1897 4435 2006 4512 dimi·

1239 4536 1300 4612 stt.
1324 4540 1511 4636 Propterea
1532 4540 1618 4633 Vaffi
1638 4540 1902 4640 conjunguntur
1924 4562 2005 4612 curn

1239 4641 1429 4730 Dendibur,
1454 4639 1540 4714 idcll
1566 4641 1761 4712 Fidelibnr.
1797 4645 1869 4715 Eos
1895 4637 2004 4714 etiam

1238 4741 1370 4814 Fideles
1394 4743 1591 4841 appellator
1618 4740 1796 4817 interdum
1820 4740 2004 4831 invenias,

1237 4841 1292 4916 uti
1317 4843 1354 4916 ἃ
1381 4841 1537 4917 Sacculie
1564 4841 1828 4942 antiquioribus
1852 4839 2006 4915 vocabu·

1236 4945 1273 5018 lo
1299 4941 1521 5040 salicorum,
1557 4948 1704 5036 Lender,
1731 4943 1799 5018 boc
1835 4941 1903 5033 esl,
1939 4939 2006 5038 qui

1234 5043 1341 5122 fidem
1379 5045 1541 5149 Principi
1576 5045 1786 5152 obligabant
1820 5041 2005 5222 &asubja-

1456 5210 1460 5219 .
1897 5170 1954 5221 to·
