4594 6070
445 347 554 475 aaa

708 344 1138 469 „numum
1198 345 1435 438 nuum
1489 349 1673 444 navt
1872 361 1958 471 με·

376 467 421 540 tii
437 471 529 560 stne,
552 483 678 565 praeter
699 473 961 570 capitaneae&
988 469 1142 566 Vabaffn·
1165 467 1215 564 [Β
1252 467 1594 574 quidem'vaisalli,
1621 471 1677 550 sed
1703 463 1902 576 ignubiies.
1938 477 2016 548 an*

377 595 426 639 ees
450 573 490 641 de
512 571 680 668 praediiie,
699 568 766 642 loce
788 574 1033 670 Pigegnagbae.
1061 574 1138 669 Qui

377 669 510 746 fuerint
537 670 695 749 vassatii·
711 674 834 766 Fabn',
860 700 966 748 nemo
993 701 1064 749 non
1083 677 1142 750 in·-

376 774 538 872 teliigit.
577 775 758 848 Canevarii
797 773 889 850 mihi
925 776 1033 869 sunt,
1073 775 1137 876 qui

376 877 500 950 Cellae
517 873 818 952 Vinari'ae'curam
831 877 1029 953 habebant:
1047 878 1137 954 hanc

377 979 474 1050 enim
514 982 681 1079 canevam
713 982 749 1052 ὅ(
784 987 955 1054 canevam
996 981 1136 1082 antiqui

375 1075 553 1180 Auiiores
571 1082 786 1182 DuCangio
801 1082 883 1158 teste
897 1085 1137 1184 appellarunt.

376 1181 465 1254 Eam
478 1179 587 1256 Tusci
604 1181 765 1282 ignorare
786 1183 971 1278 videntur,
986 1182 1006 1224 *
1022 1205 1141 1260 atnoe

1251 597 1330 644 tum
1366 592 1559 672 propterea
1582 576 1715 650 'Feuda
1751 603 1822 650 non
1858 573 2015 676 ejusdem

1251 668 1380 772 speciei
1406 671 1529 768 fuere,
1564 703 1605 750 ae
1642 676 1759 752 Feuda·
1792 679 1983 754 Nobilium
1998 694 2014 750 ε’

1254 797 1323 871 qua
1362 775 1405 850 de
1440 805 1477 852 re
1512 777 1658 854 videndi
1692 777 1936 871 Jurisconsulti
1972 777 2012 852 in

1254 875 1453 954 Feudorum
1488 900 1697 980 argumento
1718 879 1881 954 uersati.
1917 876 2014 954 Illud

1252 974 1335 1051 satis
1355 977 1397 1053 iit
1414 981 1517 1056 uobis
1544 982 1850 1074 animadvertite,
1875 997 2013 1082 praeten

1252 1079 1446 1156 Servitium
1465 1084 1652 1176 Militare,
1672 1084 1824 1160 Servitia
1839 1083 1910 1159 alia
1930 1078 2016 1156 tuis·

1251 1177 1309 1270 se,
1337 1201 1479 1284 propter
1504 1213 1593 1284 quae
1619 1185 1729 1261 etiam
1757 1184 1873 1260 Feuda
1899 1183 2015 1257 trade·

377 1283 573 1358 Lembardi
602 1286 814 1363 retinemus.
848 1287 1082 1388 tau-cangius
1108 1287 1137 1362 i·
1254 1283 1405 1376 bantur,
1431 1288 1467 1359 &
1497 1289 1645 1362 vatalli
1682 1280 2015 1364 constituebantur.

378 1383 457 1458 dem
485 1384 523 1458 in
551 1387 701 1460 Gloffar.
735 1387 856 1464 Latin.
893 1392 1038 1462 Feudum
1073 1395 1137 1462 Ca·
1179 1381 1212 1455 C
1252 1382 1316 1456 Sed
1343 1386 1406 1492 qui
1432 1385 1549 1463 forent
1574 1391 1664 1463 oiim
1692 1390 1756 1464 hac
1783 1390 1822 1464 in
1847 1415 1885 1461 re
1911 1383 2015 1458 Itali·

363 1513 479 1560 nevae
505 1487 598 1562 idem
626 1485 727 1563 fuisse
753 1489 894 1581 censet,
922 1489 1137 1590 atq'uefeu·

378 1591 455 1660 dum
477 1593 649 1664 Camenae.
686 1593 761 1666 Cur
787 1586 871 1668 haec
907 1591 971 1668 ille
999 1589 1138 1692 scrips-

377 1689 633 1780 tit,·nondum
659 1692 860 1795 intelligere
887 1694 1008 1792 potui.
1036 1700 1139 1766 Bren-

378 1787 703 1868 tariorum'nomine
729 1793 942 1870 Bacchinius
969 1793 1137 1895 significa·

379 1891 411 1966 ti
447 1893 583 1968 censuit
617 1899 846 1988 Brennarios,
886 1923 958 1996 quo
994 1897 1139 1970 nomine

379 1993 469 2067 oiim
497 1995 692 2096 deignati,
727 1998 854 2096 quibus
881 2023 1007 2071 canum
1036 2023 1139 2072 vena·

379 2094 533 2170 ticorum
562 2097 811 2198 pascendorum
839 2127 919 2174 cura
946 2097 1036 2173 fuit.
1063 2103 1140 2198 Ego

379 2203 566 2270 arenarios
591 2199 727 2274 eosdem
757 2219 866 2303 puto,
902 2227 941 2276 ec
968 2200 1031 2302 qui
1058 2203 1141 2276 Mu·

377 2297 527 2396 tinae&
548 2300 636 2376 alibi
663 2301 775 2376 adhuc
801 2305 1023 2404 appellantur
1040 2309 1142 2376 Bren-

377 2403 505 2488 tadori,
521 2403 605 2501 '-qui
632 2431 759 2506 nempe
784 2405 945 2481 deferunt
978 2408 1014 2479 la
1039 2412 1137 2480 Bren·

375 2506 445 2594 ta,
486 2503 555 2578 five
591 2508 748 2607 amplum
784 2533 847 2581 vas
883 2509 1067 2606 ligneum,
1103 2506 1142 2581 in

376 2629 449 2701 quo
484 2603 527 2678 de
554 2631 625 2679 uno
660 2606 699 2680 in
725 2609 875 2681 alterum
912 2613 1030 2680 locum
1067 2605 1136 2680 suis

376 2705 532 2779 humeris'
568 2705 704 2780 Vinum
740 2707 977 2781 transferunt.
1005 2705 1137 2778 Vicina

377 2831 448 2878 vox
475 2807 672 2878 canevarios
697 2805 786 2880 hanc
822 2805 932 2906 ipsam
959 2805 1137 2902 explicare

376 2907 538 2978 videtur.
574 2907 750 3000 Capitanei
783 2907 818 2979 &
855 2903 1061 3002 Vavaffores,
1097 2907 1136 2979 in

377 3007 511 3088 Charta
537 3004 730 3080 Mathildis
758 3008 972 3098 memorati,
1000 3005 1139 3080 nobiles

377 3107 551 3184 Vaiiallos
598 3106 802 3207 defipnant.
849 3105 996 3208 Reliqui
1042 3106 1138 3182 fuere

1252 1509 1373 1558 corum
1410 1513 1551 1582 mores,
1591 1489 1761 1590 nusquam
1796 1485 2012 1564 luculentius

1251 1605 1442 1685 appareat,
1468 1593 1576 1689 quim
1602 1592 1768 1692 inspeiiis
1793 1589 1924 1664 officiis
1950 1587 2015 1661 do·

1252 1711 1329 1762 mus
1375 1691 1658 1770 Patriareharum
1701 1689 2014 1794 iipuilejenfium.¹

1251 1787 1283 1862 Ii
1307 1787 1408 1883 sane,
1435 1792 1458 1866 st
1486 1799 1686 1872 Romanum
1714 1793 1927 1869 Pontificem
1950 1815 2014 1864 ex·

1250 1889 1384 1989 cipias,
1420 1895 1577 1994 reliquos
1612 1897 1651 1971 in
1688 1897 1793 1970 Italia
1831 1891 2011 1990 Principes
2160 1911 2163 1918 ⁴

1250 1992 1505 2069 Ecclesiasticus
1524 1997 1597 2096 post
1619 1997 1653 2072 se
1671 1996 2014 2095 relinquebantam·

1251 2093 1429 2193 plitudine
1464 2099 1672 2198 temporalis
1708 2097 1877 2197 imperii,
1917 2117 2013 2168 eam·

1251 2222 1319 2293 que
1345 2196 1405 2271 illi
1432 2197 1538 2298 usque
1557 2199 1599 2274 ad
1619 2201 1803 2276 Saeculum
1830 2201 1909 2270 XV.
1929 2219 2014 2268 eon·

1252 2299 1456 2380 tinuarunt.
1492 2305 1679 2376 innumera
1706 2326 1814 2402 paene
1840 2299 1940 2386 dixi,
1978 2321 2014 2367 e·

1252 2419 1360 2491 tant,
1396 2427 1436 2476 ae
1472 2403 1687 2500 multiplicis
1723 2400 1859 2500 generis
1894 2393 2013 2470 reuda

1252 2503 1295 2574 ab
1331 2500 1411 2592 ipfis
1448 2503 1661 2576 Patriarchis
1697 2499 1882 2600 profetia,
1922 2515 2013 2596 quae

1251 2602 1345 2672 noffe
1367 2601 1411 2642 **
1431 2603 1600 2674 Eruditae
1626 2601 1742 2702 gentis
1761 2601 2013 2698 minime-poe·

1250 2699 1402 2773 nitebit.
1424 2702 1549 2775 Habeo
1569 2701 1607 2776 in
1628 2705 1717 2778 hanc
1730 2727 1803 2778 rem
1819 2705 2014 2778 Commen-

1250 2799 1419 2875 tariolum
1459 2801 1593 2895 adhuc,
1630 2823 1670 2878 ut
1704 2829 1805 2892 neor,
1841 2805 1919 2878 luce
1954 2805 2014 2876 e'a·

1249 2921 1409 2992 rentem,
1444 2929 1549 2999 quem
1586 2905 1678 2979 mihi
1714 2904 1938 2980 Bibliotheca
1964 2906 2013 2976 E·

1249 3001 1361 3075 stensts
1397 3001 1661 3102 suppeditavit:
1703 3031 1769 3103 ego
1805 3014 1890 3084 vert)
1926 3029 2012 3081 cun·

1215 3103 1315 3202 fluis
1342 3127 1568 3182 communem
1593 3104 1674 3184 heic
1701 3107 1811 3186 volo.
1843 3157 1847 3164 -
1877 3125 1881 3136 ’
2006 3147 2012 3162 ·

1810 4237 1952 4310 Tun·

372 4433 390 4464 ⁹
411 4433 457 4500 Et
478 4431 680 4517 florentiae,
705 4433 740 4502 ἃ
765 4439 797 4507 iu
818 4439 962 4507 omnibus
988 4439 1085 4508 ferme
1106 4435 1254 4506 Etruriae
1275 4433 1414 4502 Urbibus
1441 4431 1475 4499 δι
1497 4435 1630 4581 oppidis
1658 4436 1755 4502 etiam
1782 4458 1864 4503 nune
1885 4433 1999 4503 Cellae

450 4518 621 4666 penuriae,
647 4515 681 4584 &
708 4517 778 4585 loce
798 4524 976 4616 praecipue,
999 4523 1031 4588 in
1075 4520 1161 4586 uibus
1185 4520 1272 4586 Vina
1293 4517 1497 4586 venundanda
1520 4539 1538 4584 a

465 4619 509 4664 att

1560 4517 1736 4600 servantur,
1758 4527 1876 4583 canova
1897 4517 2001 4602 appel-

530 4597 654 4680 solent,
681 4598 784 4665 uti&
812 4603 1003 4688 antiquitus.
1068 4599 1278 4668 ocabularium
1297 4597 1379 4664 della
1398 4595 1509 4678 Crusca
1534 4599 1572 4663 ad
1601 4597 1680 4664 hauc
1702 4619 1812 4692 yocem
1827 4623 1842 4672 ε,
1865 4609 2000 4680 stenae,

450 4679 524 4744 dove
542 4678 575 4764 fi
594 4679 750 4763 ripongone
769 4679 892 4762 itini,
916 4681 966 4764 gli
987 4681 1065 4764 olj,
1087 4707 1103 4746 e
1122 4682 1151 4746 le
1170 4677 1391 4762 aitre'grasce;
1419 4675 1475 4744 lat.
1498 4678 1584 4743 Cella
1608 4697 1754 4761 pmcne.
1785 4679 1952 4774 Gipgvil.
1970 4677 1999 4771 ΙΙ.

422 4765 427 4774 “
453 4780 501 4829 ιι.
523 4781 550 4829 c.
571 4783 623 4838 72.
651 4760 734 4841 opti
761 4759 787 4838 li
805 4759 957 4842 ssribuiva
977 4761 1010 4828 ia
1038 4761 1169 4829 mettim
1189 4783 1208 4824 a
1228 4781 1314 4826 cenna
1333 4759 1416 4822 della
1435 4775 1582 4839 campana
1605 4760 1705 4842 graffo
1725 4759 1770 4825 δι’
1785 4768 1879 4824 Priora
1900 4781 1920 4822 a
1943 4757 1999 4838 pn>
2054 4767 2058 4772 '

448 4839 574 4924 chiese,
600 4865 616 4908 e
637 4851 755 4909 canove
770 4859 824 4924 per
843 4857 925 4906 tutta
945 4843 978 4908 la
997 4843 1106 4911 ciui.
1137 4843 1168 4910 E
1189 4843 1210 4908 l.
1239 4863 1283 4908 ιο.
1304 4863 1331 4908 c.
1358 4859 1424 4906 122.
1446 4837 1528 4920 som>
1548 4837 1582 4904 di
1605 4839 1705 4923 graffo
1726 4839 1864 4926 quantita
1885 4839 1919 4904 di
1940 4861 2001 4902 mo-

371 4984 376 4992 .
447 4937 518 4988 neta
537 4923 570 4988 ia
591 4945 701 4990 centua
721 4947 760 4992 ec.
785 4923 906 4992 Plutaee
926 4941 1031 4990 tenena
1051 4924 1121 5020 que!
1140 4923 1267 5004 castello
1287 4943 1362 4986 come
1383 4941 1495 4984 canova
1515 4919 1586 4986 dett
1598 4923 1669 5000 asie.
1696 4921 1741 5016 Et
1762 4921 1815 4988 alii
1837 4919 1999 5010 quamplu-

447 5025 496 5071 res
517 5000 642 5072 Tuieae
663 5005 708 5072 lin
751 5026 787 5072 ae
809 5005 979 5099 Seniptores
998 5005 1131 5096 optimi.
1161 5005 1258 5071 Unde
1278 5023 1369 5088 ergo,
1393 5023 1484 5086 quem
1505 5021 1615 5070 vocem
1637 5001 1727 5087 Tusca
1747 5003 1878 5096 ignpmn
1897 4999 2002 5068 veden-

448 5100 516 5167 tur,
536 5108 607 5152 eam
629 5087 699 5150 tam
721 5085 788 5150 ndi
808 5087 965 5152 retinent?

367 5155 401 5192 ⁸⁸
423 5161 672 5236 amanuenfium
693 5165 773 5236 forte
795 5165 963 5236 oscitantii
980 5187 1040 5256 pte
1058 5165 1216 5238 Eruditam
1234 5181 1371 5252 gentem,
1392 5179 1446 5234 aut
1466 5164 1540 5252 quid
1562 5161 1677 5237 fimile.
