4594 6070
444 366 527 468 267
737 327 1663 476 Arrrrourmreorrnour
1878 376 1960 459 ωε

429 629 539 716 Otto
568 631 601 714 I.
629 635 852 742 Imperator
880 625 975 716 dues
1006 633 1149 717 Curres
1179 627 1438 736 Maiestatis.
1455 632 1588 722 Sanbii
1628 633 1734 722 Petri
1764 633 1806 724 in
1831 631 1967 723 Coelo

626 773 765 882 'nureo
794 745 1015 836 Tioioeofis
1045 747 1226 836 coneedit
1265 749 1419 838 circiter
1457 757 1622 840 Annum
1653 768 1756 868 963.

425 983 465 1054 N
485 981 610 1054 nomine
636 981 770 1056 Domini
795 985 861 1058 Dei
893 985 1033 1058 aeterni.
1067 995 1144 1058 Otto
1184 987 1291 1058 Asin
1298 1037 1414 1060 ......
1440 985 1538 1082 bujus
1562 985 1738 1075 Ticinenss
1753 985 1916 1060 Civitatis
1921 1037 2014 1061 .....

364 1121 368 1131 ·
450 1081 568 1154 divino
589 1083 724 1174 suvente
745 1087 859 1182 gratini
878 1091 1048 1185 Imperator
1066 1095 1142 1161 vsu·

373 1181 504 1281 gusint.
529 1191 556 1258 5
558 1186 571 1256 i
594 1189 830 1260 venerabilibus
838 1241 971 1263 .......
998 1211 1160 1264 aeternae·

376 1286 594 1360 retributionis
618 1289 794 1384 largimur,
831 1291 984 1363 eredimus
1008 1296 1054 1365 ad
1078 1297 1140 1365 Irn-

372 1388 459 1485 porir'
484 1387 601 1480 nostri,
628 1398 868 1490 Regnornmque
886 1393 1053 1482 noslrorurn
1070 1393 1139 1482 sia·

374 1509 445 1561 enm
470 1490 643 1563 omnimodo
664 1491 834 1589 profitere.
861 1502 1062 1594 Quapropter
1086 1523 1140 1566 no·

288 1661 292 1670 ,
375 1591 463 1663 verit
472 1645 587 1668 ......
612 1595 752 1666 omniurn
762 1649 879 1670 ......
905 1625 941 1671 as
960 1598 1141 1689 suturorurn

374 1693 537 1783 indusiria
551 1723 588 1768 ae
604 1697 752 1788 deuotio,
774 1697 1021 1773 Londoordom
1041 1702 1139 1774 Prae·

374 1791 508 1886 sulem,
528 1797 722 1895 noslrnnrque
737 1799 970 1894 dilebliffimum
985 1801 1139 1892 fidelem,

1257 1087 1291 1157 in
1324 1088 1501 1178 subsrdinm
1540 1091 1584 1158 δ’
1616 1087 1874 1180 suslerttetionenr
1883 1141 2025 1162 ........

1253 1189 1444 1285 praeceptali
1477 1189 1665 1277 aubioritate
1699 1188 1939 1280 confinnonrus,
1977 1207 2016 1263 ut

1256 1289 1318 1388 qui
1354 1290 1510 1388 aliquam
1543 1308 1681 1390 portem
1708 1289 1812 1389 ipsius
1838 1289 2018 1364 Coenobii

1257 1391 1295 1466 in
1322 1389 1540 1466 Beneficium
1567 1391 1751 1482 hebuerit,
1778 1393 1913 1464 nullam
1934 1417 2019 1464 con·

1258 1491 1477 1566 trarietatem
1486 1543 1601 1567 ......
1628 1493 1723 1566 terris
1747 1493 1910 1583 omnibus,
1935 1490 2018 1589 quoe

1256 1593 1322 1666 liei
1345 1596 1401 1665 vel
1426 1593 1586 1668 nominari
1606 1591 1752 1690 possunt,
1784 1593 2018 1691 pertinentibus

1257 1695 1372 1786 inserre
1397 1697 1522 1768 nitatur
1541 1696 1703 1793 praedibio
1736 1694 1914 1768 venerabili
1939 1700 2018 1766 Loto

1256 1819 1314 1870 aut
1339 1798 1534 1884 Monacbis,
1568 1800 1625 1869 vel
1649 1799 1781 1896 aliquod
1787 1850 1902 1871 ......
1923 1795 2019 1887 snae·

374 1895 511 1984 nrtflrarn
535 1896 647 1993 adiisse
664 1903 860 1996 imperialem
871 1954 981 1976 ......
1005 1903 1138 1988 nosirae·
1185 1908 1213 1978 B
1256 1924 1314 1995 que
1352 1899 1599 1996 Congregntioni
1629 1903 1671 1970 de
1703 1898 1878 1995 praediiiis
1910 1897 2018 1966 Corti-

373 2025 434 2098 qne
458 2001 584 2072 animae
610 2003 743 2072 remedie
768 2003 919 2076 Coenobio
940 2004 1055 2076 sanni
1078 2011 1137 2076 Pe·

371 2103 446 2192 tri,
482 2106 564 2198 quod
598 2104 727 2174 Coelurn
761 2131 890 2178 oureurn
923 2105 1067 2196 dieitur,
1103 2133 1140 2179 ao

374 2202 444 2298 esus
470 2203 606 2278 Abbati
641 2201 818 2298 Johanni,
853 2207 1039 2305 euntlaeqrie
1060 2207 1139 2302 suae

372 2305 623 2404 Congregationi
645 2307 710 2378 nris
718 2359 852 2382 .......
869 2310 993 2402 subven
1003 2362 1136 2391 .......

372 2408 584 2484 recordabilia
616 2407 737 2497 nostrae
770 2411 955 2506 largitionis
988 2411 1139 2505 beneficio

370 2509 530 2607 impertiri
554 2509 783 2606 dignaremur.
819 2518 887 2586 Nos
911 2519 986 2586 vare
1012 2515 1055 2594 ¹in
1087 2514 1136 2584 ul-

371 2612 455 2684 tima
479 2608 577 2703 hujus
602 2610 790 2684 orriioritate
815 2613 974 2700 constituti
1004 2615 1138 2709 plusque

370 2711 477 2784 vieini
486 2763 602 2786 ......
628 2712 770 2784 berionis
795 2711 1014 2808 inspicientes,
1042 2737 1136 2806 quarn

1255 2005 1337 2092 bus,
1365 2001 1590 2090 Molendinis,
1618 2003 1662 2070 Ο·
1686 2001 1781 2070 terris
1804 2023 1915 2096 agere,
1942 2021 2017 2092 que·

1255 2105 1453 2174 nadmodnrn
1482 2103 1526 2174 Θ
1560 2103 1600 2172 eie
1615 2099 1710 2174 ‚aliie
1743 2123 1847 2170 eorurr
1878 2097 2016 2194 propriis

1255 2207 1368 2278 rebus.
1395 2204 1626 2294 consedimus,
1653 2199 1894 2293 eorrfinnansuse
1899 2249 2014 2272 ......

1255 2307 1421 2404 imperiali
1446 2305 1635 2380 aniioritate
1660 2306 1886 2376 corroboramus
1919 2299 2016 2372 etiam

1253 2409 1433 2482 venerabili
1458 2416 1556 2495 Loco,
1583 2427 1619 2476 ut
1645 2407 1754 2474 nullus
1778 2409 1882 2491 Dux,
1918 2403 2015 2472 Mar·

1225 2501 1343 2598 'obio,
1377 2517 1487 2581 Cernes
1511 2535 1548 2578 ao
1575 2507 1764 2594 Viceeomes,
1800 2523 1858 2574 aut
1884 2497 2015 2595 Episco-

1249 2631 1312 2705 pus
1337 2611 1496 2679 Placitum
1522 2609 1556 2676 in
1579 2604 1753 2702 praediciti
1785 2601 1933 2674 Cornibus
1967 2619 2017 2672 re·

1254 2735 1324 2779 nere
1348 2711 1484 2796 audeat,
1511 2727 1587 2778 ant.
1718 2704 1846 2801 aliquas
1868 2703 2014 2802 publicas

367 2834 426 2910 per
464 2813 579 2900 noslros
613 2809 879 2908 praedeeeffores,
921 2813 1138 2908 praedibir'que
1175 2814 1210 2884 C
1246 2809 1426 2899 suniliones
1451 2811 1582 2904 recipere
1604 2807 1690 2878 ornni
1709 2806 1811 2892 noslre
1829 2805 2012 2891 noslrorurn·

370 2914 562 2986 Lundoardi
586 2911 772 3004 Praesulis,
799 2911 952 3009 noslrique
976 2913 1132 3007 dilefiiffi·

370 3015 418 3087 mi
436 3011 551 3108 fidelis
572 3011 781 3110 peticionibus
812 3013 1012 3108 libentrfflnre
1022 3067 1137 3088 ......

371 3117 416 3188 (θ’
441 3117 667 3188 corroboramus
687 3113 760 3206 jam
777 3112 863 3183 ditio
884 3113 994 3203 sanilo
1019 3142 1056 3186 nc
1079 3141 1135 3217 ve·

370 3217 508 3291 notabili
526 3217 698 3305 Coenobio,
724 3212 852 3310 ejusque
871 3215 995 3286 Vicarr'o
1006 3221 1037 3306 J
1038 3216 1134 3286 oban-

369 3321 407 3392 ni
432 3319 584 3406 Abbati,
605 3317 742 3411 suaeque
760 3313 1029 3414 congregationi,
1056 3329 1137 3388 ernas

369 3428 501 3512 Cortes,
528 3413 623 3491 urrant
649 3443 728 3514 qnae
754 3417 845 3489 Villa
871 3425 1009 3491 Ra....
1037 3415 1135 3488 nomi·

369 3543 488 3612 natur,
515 3545 584 3592 curn
609 3519 752 3590 omnibus
776 3545 883 3590 eorum
905 3519 1135 3616 pertinentiis,

368 3623 593 3721 neutriusque
613 3620 706 3712 senus
733 3619 900 3709 samiliis,
935 3618 1135 3714 omnibusque

368 3729 488 3810 rebus,
509 3748 604 3817 «quoe
628 3721 693 3791 elici
717 3727 771 3790 vel
799 3719 958 3789 nominari
980 3717 1134 3814 possunt,

368 3853 405 3898 et
431 3821 657 3895 Molendinuru
696 3845 795 3890 unum
829 3819 865 3890 in
891 3819 1135 3913 flumine...'..

369 3951 423 3996 nee
448 3949 508 3996 non
535 3921 579 3994 (9·
605 3946 722 3992 ornnem
747 3941 889 4012 terram,
915 3946 995 4017 quae
1020 3920 1135 4018 rejacet
1159 3903 1165 3994 i

1249 2937 1307 3008 que
1327 2907 1525 3003 suceessbrunt
1560 2905 1825 2996 contradiblione,
1859 2907 1914 2977 vel
1946 2929 2012 2974 orn·

1249 3013 1337 3080 nium
1363 3013 1523 3081 bominum
1550 3009 1760 3094 molrslatione
1795 3010 1934 3078 remorb.
1971 3003 2012 3077 Si
2111 3057 2114 3064 -

1245 3113 1317 3208 quis
1345 3113 1447 3208 igitur
1473 3112 1592 3198 noslrae
1628 3109 1812 3206 largitionis
1836 3135 1873 3180 ao
1898 3105 2010 3195 confir-

1246 3213 1398 3284 mationis
1407 3265 1518 3286 ......
1540 3213 1623 3303 sciat
1647 3214 1678 3299 se
1702 3210 1934 3307 compositurnm
1953 3233 2010 3280 au·

1247 3315 1276 3382 ri
1302 3316 1414 3411 oprimi
1439 3315 1556 3386 Libras
1581 3315 1688 3402 mille,
1716 3315 1911 3385 medietatem
1937 3315 2009 3382 Ka·

1246 3443 1350 3488 merae
1374 3418 1514 3504 uoflrn'e,
1544 3423 1586 3488 'ao
1620 3416 1817 3486 medietatem
1849 3410 2008 3509 praediolo

1247 3517 1425 3588 venerabili
1442 3517 1612 3588 Coenobio.
1639 3518 1735 3612 Quod
1760 3538 1796 3586 nt
1820 3515 1926 3585 verius
1945 3536 2007 3584 ere·

1244 3620 1368 3708 duur,
1394 3616 1639 3712 diligentiusque
1665 3620 1706 3690 ab
1731 3617 1871 3688 ornnibns
1906 3613 2006 3700 obser·

1243 3739 1361 3803 vetur,
1390 3745 1486 3790 manu
1509 3717 1639 3812 propria
1657 3717 1789 3807 inseriae
1807 3720 2003 3816 roborantes,

1244 3821 1356 3894 Anuli
1382 3819 1477 3908 uoslri
1502 3818 1691 3916 impressione
1723 3819 1831 3913 subter
1860 3816 2006 3915 jussimus

1242 3921 1420 4022 infigniri.

521 4229 659 4328 Signum
685 4228 807 4302 Domni
832 4228 983 4300 Hortonis
1053 4145 1288 4431 'fg-T
1354 4227 1480 4326 augusti
1503 4227 1561 4302 nni
1585 4229 1801 4326 Imperatoris.

420 4531 590 4630 Liggerins
624 4531 843 4604 Ceneellarius
875 4535 922 4604 ad
953 4532 1058 4606 vioenr
1093 4533 1244 4608 Wrdonis
1273 4531 1424 4631 Episcopi
1447 4535 1734 4608 Arebieanrellrrii
1768 4530 2001 4630 recognovi&

517 4630 706 4730 subscript.
837 4692 839 4698 -

1232 4842 1350 4916 Locus
1376 4841 1419 4931 *F
1447 4835 1567 4938 sigini
1595 4837 1685 4914 cerei
1710 4834 1905 4938 deperditi.
