4594 6070
438 351 521 466 c7i
723 349 1132 471 ANTIQUJT.
1193 351 1432 444 MEDll
1487 355 1671 448 ARV!
1862 391 1944 473 272
2090 397 2098 408 ’

376 457 485 560 liquid
509 467 674 540 contulerit
708 475 823 562 rebus,
854 471 952 566 juxta
987 473 1143 574 Aublorit
1174 482 1208 552 A
1248 494 1321 562 tae,
1357 498 1416 547 aut
1448 476 1612 552 voluerint
1640 478 1703 570 sub
1735 475 1947 565 inestimatione
1972 475 2008 548 in

376 590 482 638 uocem
509 569 543 640 in
569 571 623 642 boc
646 573 754 644 leculo
780 575 958 668 centuplum
982 574 1140 671 accipiet,
1248 573 1459 660 tonstmilibus
1484 580 1583 651 locis.
1933 583 1937 593 “
1997 638 2003 654 .

368 669 424 758 ,θ’
448 670 593 768 insuper,
619 676 703 768 quod
726 675 842 746 melius
859 675 922 768 est,
949 677 1055 748 vitam
1072 677 1138 771 pos·
1299 678 1424 760 Adurn
1460 680 1494 752 in
1530 681 1591 750 loto
1626 681 1824 752 Gubernulne
1851 678 2008 776 feliciter.
2131 723 2138 740 ι

370 772 492 862 fidebit
515 795 698 847 aeternam.
725 777 855 874 Ideoque
890 804 945 874 ego
979 778 1139 870 infrastti·
1250 776 1360 872 Hujus
1383 783 1536 854 Cartulce
1561 780 1735 876 offertionis
1754 781 1886 870 fuerunt
1919 779 2008 865 restet
2092 819 2093 822 ¹

372 893 451 973 ptus
477 878 648 970 Imperator
674 875 827 962 similiter
861 881 942 952 dono
977 880 1021 948 Θ
1046 879 1141 975 offero
1249 883 1417 954 Conradus
1441 889 1569 971 Comes,
1598 884 1642 952 (θ’
1666 883 1824 956 Albertus
1846 886 1952 952 Comes
1968 882 2009 950 de

374 971 533 1058 Ecclesiae
557 977 672 1048 Sanbli
698 980 866 1051 Benedibli
891 984 930 1052 de
956 987 1138 1076 Gonzaga,
1248 983 1446 1077 Saplonetn,
1481 983 1651 1059 Ardoinut
1685 985 1725 1054 dc
1757 983 1904 1069 Palude,
1938 988 2010 1054 Ar·

374 1075 505 1150 Braida
531 1103 597 1151 una
617 1079 705 1171 juris
733 1083 794 1154 mei
827 1081 930 1178 pofita
965 1083 1000 1153 iu
1036 1085 1140 1152 eodem
1248 1086 1366 1156 ualdus
1390 1085 1553 1181 Aquensts
1580 1083 1786 1180 Proposttus,
1822 1081 2009 1154 Wnrneriut

373 1181 438 1250 loeo
464 1181 677 1274 Gunzacbr'a,
703 1210 771 1254 cum
790 1184 861 1275 cosa
880 1184 1026 1280 campani
1045 1183 1141 1280 Juper
1239 1191 1269 1274 J
1272 1185 1373 1277 udetc,
1410 1190 1454 1258 (9¹
1490 1188 1632 1260 Ubaldus
1648 1188 1788 1276 Juderc,
1822 1189 2008 1272 Amedtus,

373 1307 444 1352 cem
478 1281 641 1372 babente,·
676 1285 720 1356 (9⁶
755 1285 809 1356 boc
823 1285 849 1374 ,¹
869 1288 952 1383 quod
986 1305 1070 1356 tenet
1104 1312 1142 1356 ete
1190 1280 1194 1289 ’
1247 1287 1346 1382 Opino
1370 1289 1410 1358 de
1435 1293 1617 1384 Guuzagn,
1643 1288 1803 1360 Gerardus
1820 1285 1864 1354 (9¹
1883 1283 2009 1356 Rolan-

366 1409 445 1468 ,mea
466 1403 581 1480 parte,
599 1385 744 1483 finesque
762 1387 883 1478 scilicet
903 1393 925 1460 d
948 1415 1039 1461 mone
1057 1393 1139 1458 Ten·
1179 1399 1207 1468 Β
1246 1391 1307 1458 dus
1326 1385 1528 1482 Maffarius,
1554 1410 1648 1484 atque
1674 1394 1847 1484 Pogonus,
1876 1391 1942 1481 Ugo
1965 1383 2010 1452 (Ψ

373 1487 508 1581 quemilo
525 1483 623 1575 filius
656 1492 770 1561 Adam
805 1490 930 1580 Gunti,
965 1487 1142 1561 dmeridie
1248 1491 1430 1562 Ludouieus
1452 1493 1492 1561 de
1509 1490 1715 1578 Gubernula,
1735 1489 1779 1560 (J
1794 1488 1901 1582 plures
1925 1485 2009 1560 alii.

371 1592 489 1662 Petrus
515 1593 649 1678 Currus,
685 1593 708 1660 d
729 1589 796 1679 sero
824 1611 907 1661 tenet
934 1589 1142 1662 Rutecbcrius
1298 1595 1372 1687 Ego
1398 1593 1585 1664 Warncriur
1609 1597 1640 1682 J
1642 1593 1721 1662 udere
1755 1587 1840 1686 affui
1864 1589 1909 1659 (9'
1929 1586 2008 1680 [ub-

372 1689 414 1758 de
439 1693 625 1786 Gonzaga;
649 1693 689 1762 de
707 1691 802 1782 subto
826 1693 983 1766 Albricur
1006 1698 1139 1780 Cottur,
1343 1692 1476 1790 scripsi.
1645 1733 1648 1744 ·

371 1789 485 1886 hocque
511 1791 545 1860 in
572 1792 626 1862 hos
647 1789 732 1884 fines
758 1795 925 1865 inuentum
945 1794 1068 1884 suerit,
1105 1793 1140 1864 in
1298 1798 1371 1891 Ego
1408 1797 1551 1868 Ubaldur
1579 1800 1613 1886 J
1614 1796 1695 1866 udtct
1732 1790 1816 1889 affui
1846 1785 1900 1862 'cb‘
1933 1789 2010 1883 sub

371 1891 454 1963 bunc
479 1892 649 1964 Cartalam
673 1916 881 1986 permoneat.
926 1903 969 1966 Ut
989 1894 1063 1988 jam
1088 1894 1139 1964 di·
1342 1893 1480 1991 Jtripfi.

311 2075 313 2078 Ι
371 1989 442 2064 flac
468 1991 624 2078 Ecclesiae
646 1994 772 2084 saciant
806 2021 874 2066 tum
902 1996 1139 2092 superioribus,
1297 2001 1370 2092 Ego
1404 1996 1591 2068 Dominicus
1623 1995 1716 2066 Satri
1750 1992 1879 2066 Palatii
1905 1996 2009 2064 Nota·

373 2093 420 2164 Φ·
439 2092 662 2186 inferioribus,
688 2123 756 2167 cum
773 2095 902 2190 finibus
928 2099 972 2182 &f
992 2097 1139 2195 arreptio-
1246 2095 1313 2168 rius
1332 2095 1465 2194 scripsi,
1494 2099 1538 2168 &¹
1556 2096 1776 2188 subscribendo
1800 2092 1954 2190 complevi
1972 2117 2011 2164 erc

1179 579 1188 594 Ι

373 2193 468 2268 nibus
486 2193 619 2288 suarum
646 2197 680 2268 in
708 2199 864 2296 integrum
898 2200 1049 2297 quicquid
1081 2225 1138 2270 uo·

1244 2197 1380 2297 juffione
1393 2198 1604 2295 suprascripti
1629 2195 1849 2294 imperatorie.
1876 2230 1878 2234 ·

370 2295 493 2384 luerint
514 2299 721 2395 proprietarii
749 2299 825 2395 jure
853 2301 926 2388 stne
960 2301 1046 2372 omni
1071 2327 1141 2374 mea
1180 2314 1212 2385 c
1298 2303 1422 2399 Atque
1448 2299 1528 2374 heic
1555 2298 1649 2374 subit
1675 2297 1714 2373 in
1741 2314 1920 2384 mentem,
1956 2291 2006 2368 ei·

348 2397 419 2468 θ’
452 2397 599 2471 heredum
634 2429 768 2474 meorum
808 2403 1053 2476 contradidioue
1082 2423 1142 2499 pro

371 2501 508 2572 mercede
534 2504 578 2572 (J
604 2505 738 2576 remedio
763 2506 890 2578 animae
913 2533 998 2578 mene
1016 2507 1061 2576 θ
1078 2511 1139 2576 Co·

372 2597 508 2694 mitrffce
541 2605 702 2675 Motildis
714 2633 736 2692 ;
772 2609 817 2676 θ’
851 2606 976 2699 insuper
1007 2625 1137 2698 compre·

371 2701 502 2794 bersum
528 2703 592 2794 ell,
619 2707 660 2776 ab
686 2704 772 2774 omni
794 2707 1021 2774 contradicente
1039 2703 1138 2774 bomi-

371 2829 411 2872 ne
436 2801 620 2894 defendere,
649 2803 745 2887 Μ
769 2803 933 2892 defendere
953 2828 1013 2872 non
1029 2823 1138 2896 potue·

371 2901 494 2989 rimus,
530 2903 640 2986 cutst
665 2903 753 2974 nobis
788 2901 901 2972 exinde
935 2903 1063 2998 aliquid
1085 2924 1142 2999 per

371 3001 535 3098 quodlibet
561 3003 725 3098 ingenium
744 3079 745 3084 .
754 3001 940 3093 subtrahere
974 2999 1139 3098 quaesieri-

371 3123 573 3191 mus,·'tunc
598 3105 632 3174 in
658 3104 793 3200 duplum
813 3103 1044 3199 suprascriptos
1071 3127 1141 3188 res,

371 3203 531 3300 utsupra
556 3203 699 3300 legitur,
736 3203 837 3274 eidem
863 3202 1019 3285 Ecclestac
1055 3199 1138 3289 resti·

374 3323 483 3397 tuere,
502 3303 587 3391 sicut
608 3325 668 3402 pro
694 3324 828 3402 tempore
847 3303 973 3398 fiteriut
998 3301 1140 3376 meliora·

1246 2399 1341 2475 sdcm
1381 2399 1462 2502 ipfis
1502 2401 1625 2476 diebus
1666 2398 1880 2473 concellum¹
1910 2391 2010 2468 fuitse

1248 2505 1299 2576 Po
1326 2504 1386 2584 ulu
1429 2499 1640 2576 Bononienfi
1687 2495 1921 2594 Privilegium
1967 2495 2011 2568 ab

1247 2529 1370 2674 euclem
1398 2601 1575 2699 Augusto.
1603 2600 1690 2698 Ejus
1717 2596 1883 2670 meminit
1911 2595 2013 2695 Sigo-

1245 2700 1325 2774 nius
1363 2699 1448 2776 Lib.
1477 2725 1510 2774 2.
1538 2698 1669 2774 Histoe.
1708 2695 1921 2774 Bononiens.
1958 2714 2013 2770 at·

1246 2827 1314 2899 que
1341 2799 1441 2875 illius
1469 2800 1718 2896 compendium
1746 2799 1920 2872 exhibet.
1958 2797 2012 2870 si-

1246 2900 1393 3074 gonliptp
1423 2901 1501 3072 heli3c
1529 2899 1802 3072 Gbicapdatppips
1830 2897 2012 3074 exlcppprgt

1246 3027 1285 3074 tn
1347 3029 1356 3072 1
1387 3028 1438 3074 ot.
1486 3025 1708 3074 ononten.a
1791 3023 1900 3071 nnum
1996 3043 2011 3062 -

1250 3105 1347 3174 XVI.
1377 3101 1546 3192 Diploma
1573 3101 1715 3196 ipsum,
1743 3125 1787 3172 ex
1815 3099 2013 3198 pervetusto

1249 3201 1393 3302 Regcsso
1431 3200 1661 3296 Reipublicae
1699 3197 1928 3275 Bononiensis
1954 3199 2013 3276 de·

1245 3302 1440 3404 seriptum,
1467 3328 1608 3378 exercre
1634 3289 1757 3405 juvat.

370 3552 541 3644 Henrici
571 3551 677 3643 inter
707 3531 901 3670 Augustos
931 3551 1079 3672 Quarti
1109 3549 1321 3669 Diploma,
1360 3583 1428 3671 per
1456 3553 1563 3671 qnod
1596 3550 1746 3670 Populo
1775 3552 2010 3646 Bononieub

462 3702 600 3764 omues
622 3671 957 3784 consuetudines,
981 3672 1088 3787 juta,
1105 3701 1151 3758 tc
1172 3673 1383 3789 Privilegia
1401 3669 1634 3785 confirmat,
1648 3676 1771 3760 Anno
1796 3688 1922 3762 1116.
2054 3777 2056 3780 ¹

371 3907 460 4092 IN
483 3887 607 3979 nominc
639 3907 755 3981 Sanble
780 3908 825 3980 Θ·
850 3906 1025 3980 individue
1058 3907 1133 3980 Tri·

440 4011 574 4082 nitatit.
588 4017 690 4083 Anno
709 4009 843 4084 Domini
861 4007 1035 4092 Millelimo
1054 4015 1135 4082 Cen·

373 4109 480 4195 tefimo
505 4111 741 4206 sextodecimo,
776 4114 853 4185 ldus
878 4112 1017 4202 Medii,
1044 4111 1133 4184 Indi·
1184 4120 1212 4188 E

372 4211 474 4284 blione
495 4217 555 4286 IX.
576 4213 752 4289 Heuricus
780 4215 845 4287 Dei
864 4214 979 4312 gratid
1006 4217 1135 4288 Roma·

373 4338 501 4388 nurum
518 4317 711 4411 Imperator
725 4321 904 4412 Quartus,
917 4313 1045 4390 caesar
1059 4319 1134 4390 Au·
1192 4377 1196 4386 .

372 4413 506 4514 gustus.
541 4417 721 4510 imperialis
751 4419 913 4515 proprium
938 4416 982 4507 est
1006 4424 1133 4490 clemen·

372 4515 441 4606 tie,
458 4514 610 4610 fidelium
636 4517 802 4604 nostrorum
825 4521 968 4616 precibus
988 4541 1048 4617 pro
1073 4547 1133 4590 me·

373 4617 436 4690 rito
454 4619 512 4712 suc
535 4619 714 4690 decurionis
730 4691 734 4702 ,
748 4621 783 4692 in
811 4619 968 4714 benefitiis
993 4620 1134 4717 largien-

371 4721 426 4792 dis
450 4747 606 4795 annuere.
634 4721 774 4794 Proinde
798 4723 965 4796 amicorum
984 4721 1133 4796 Civium

371 4821 647 4898 Bononienfium
668 4825 840 4921 persanat,
869 4824 921 4920 set
946 4826 991 4896 θ’
1016 4849 1064 4896 res
1088 4849 1133 4896 eo·

370 4951 441 5000 rum
465 4927 593 5000 mobiles
618 4927 673 4998 uel
700 4929 900 5018 immobiles,
936 4950 1004 5002 tam
1028 4925 1135 5024 atqui·

364 5027 447 5118 sitas
472 5053 566 5130 quom
591 5029 819 5128 contuendas,
854 5029 904 5104 in·
928 5029 1033 5120 nollra
1057 5050 1135 5102 tem·

1246 3908 1350 4006 potali
1375 3909 1509 3982 tuitione
1528 3907 1586 4002 seu
1613 3909 1791 4000 defensione
1823 3909 2015 4007 recepimus,

1248 4013 1421 4108 ubicunque
1455 4013 1618 4108 contingat
1644 4037 1702 4082 ⁴eos
1726 4016 1835 4108 degere
1859 4019 1914 4084 uel
1940 4039 2010 4084 eon·

1246 4113 1398 4206 uersari,·
1424 4114 1473 4189 r'tc
1498 4137 1534 4186 ut
1560 4141 1598 4184 nc
1623 4113 1694 4210 quis
1720 4115 1880 4186 bominum
1903 4115 2010 4211 presu-

1247 4235 1313 4287 mat
1338 4242 1387 4288 eos
1412 4213 1528 4308 injuste
1545 4215 1724 4305 molestare,
1749 4215 1806 4288 uel
1822 4241 1924 4288 eorum
1939 4238 2012 4313 ptr·

1240 4317 1335 4410 sonet
1353 4317 1413 4411 ficu
1437 4342 1485 4388 res
1510 4318 1674 4414 aliquorbuc
1700 4315 1832 4412 injuriis
1866 4313 2011 4410 afficere,

1246 4445 1349 4490 omues
1371 4418 1516 4516 publicas
1540 4421 1617 4493 uias
1642 4439 1708 4492 tam
1728 4420 1763 4490 in
1783 4419 1897 4511 terris,
1916 4445 2012 4517 quam

1246 4521 1280 4591 in
1305 4524 1421 4619 aquis,
1448 4521 1491 4592 θ
1517 4520 1704 4594 nominatim
1740 4522 1911 4618 nauigium
1945 4529 2011 4594 Pa·

1245 4623 1303 4713 di,
1340 4623 1549 4714 &deorsum
1575 4624 1611 4694 in
1638 4623 1827 4712 Venetiam,
1864 4626 1908 4694 θ’
1935 4623 2010 4715 sur·

1240 4723 1313 4816 sum
1339 4725 1374 4796 in
1401 4727 1677 4822 longobardiam,
1713 4727 1761 4798 ite
1787 4725 1884 4798 libere
1909 4750 2011 4796 conte·

1245 4827 1351 4898 dimus
1376 4827 1529 4919 tim&
1555 4855 1592 4897 ne
1618 4829 1690 4924 quis
1714 4830 1853 4900 omnium
1886 4823 2010 4922 prorsus

1244 4929 1363 5004 audeat
1388 4955 1438 5000 eos
1463 4929 1498 5000 in
1525 4927 1634 5020 iisdem
1658 4931 1727 5002 viis
1763 4932 1806 5002 θ
1842 4928 2010 5000 itineribus

1244 5031 1448 5134 aliquatenus
1467 5031 1640 5128 impedire,
1665 5035 1721 5106 vel
1739 5031 2011 5220 quibusdplrpipnt·
