4536 6064
473 331 558 434 a„
759 320 1170 514 anrrpnrr.
1228 317 1705 412 renouatur
1900 349 1995 446 700

408 436 575 514 'Archino
621 439 884 516 Monechorusn

410 540 531 615 saneti
561 543 656 617 Petri
691 541 880 617 Mutinae.
916 542 1170 620 Monastetinm

409 641 614 726 Leonense,
638 645 680 718 ad
708 646 801 742 quod
826 637 960 719 Charta
985 643 1069 720 hoec
1094 671 1170 744 per-

410 742 526 828 tinet,
552 745 591 818 in
626 771 710 846 agro
738 745 954 822 Brixianoi
992 743 1172 822 Desiderio

409 845 725 946 Langobardorum
764 853 858 950 Rege
894 846 1101 930 fundarunt,
1131 875 1171 923 ac

409 947 599 1048 magnifice
619 947 802 1032 dotatum,
819 947 950 1024 illustre
969 950 1059 1024 olirn
1080 948 1170 1032 tuit,

409 1048 643 1224 ppqtpellillius
671 1050 1002 1226 mengooeptbfcppp
1026 1051 1170 1226 Colitis&

457 1177 649 1226 atomus
684 1179 722 1226 tn
789 1179 921 1226 nnat.
1001 1179 1080 1228 nes
1121 1179 1170 1228 tn.

411 1251 454 1324 sd
499 1257 643 1326 Annum
690 1257 888 1330 DCCLIX.
932 1254 1016 1328 haec
1058 1254 1171 1353 postca

411 1349 621 1452 subjiciens:
664 1360 797 1438 Verbm,
838 1381 874 1428 ut
912 1355 1029 1428 habent
1069 1382 1171 1428 rerum

410 1453 620 1530 humanarum
654 1458 764 1538 vices,
799 1459 852 1530 boc
886 1457 1115 1544 Monaslerium
1149 1461 1171 1528 ὸ

411 1559 556 1630 Conrado
597 1563 642 1634 ll.
682 1563 870 1657 Imperatore
901 1559 970 1652 solo
1003 1579 1170 1656 aequatum

934 444 988 516 Cu
1016 438 1171 516 oenfinrn
1195 441 1248 532 ιΑ

1212 1377 1242 1448 Β
1256 1406 1260 1432 r

1280 439 1374 537 suisli
1394 443 1566 516 ‘tradunh
1600 447 1775 518 Attamen
1816 439 1969 520 ediscere
2004 445 2054 522 ex

1286 543 1354 618 hoc
1381 545 1589 640 Diploo'tote
1614 544 1814 644 possumus,
1840 545 1948 646 longe
1978 545 2053 643 post

1286 645 1443 720 Coorudi
1484 649 1531 720 11.
1566 663 1727 746 temporo
1767 643 1902 720 scensm
1942 645 2049 720 illuns

1286 749 1428 828 locum,
1450 744 1592 846 ejusque
1615 749 1775 822 Abbttes
1800 747 1969 848 viguisse.
1992 751 2050 822 Eo

1289 871 1407 924 autern
1442 847 1623 924 lubentius
1657 871 1928 924 monumentum
1961 845 2051 923 istud

1286 977 1413 1032 exero,
1438 949 1532 1049 qnod
1558 948 1704 1052 inignis
1726 950 1818 1025 olim
1841 949 1915 1024 loci
1940 975 2049 1049 poene

1286 1051 1476 1128 obliterata
1502 1049 1609 1126 suerit
1637 1051 1829 1131 memoria,
1855 1053 1890 1124 δι
1918 1077 2048 1148 paucae

1287 1153 1377 1228 aliae
1416 1151 1571 1228 Chartae
1611 1153 1766 1254 ejusdem
1805 1151 1848 1226 od
1888 1169 2047 1250 temporo

1286 1255 1398 1330 nostra
1422 1253 1667 1354 pervenerint.
1689 1255 1782 1332 Vide
1804 1251 1913 1328 etiam
1928 1302 1939 1331 s
1957 1279 2047 1346 quae

1285 1356 1328 1432 de
1364 1355 1440 1448 ipso
1469 1355 1577 1430 attuli
1612 1356 1652 1432 in
1687 1355 1830 1432 Differt.
1858 1357 2049 1428 xxxvto

1283 1459 1324 1528 de
1349 1457 1591 1554 Hospitalibrtt.

479 1791 647 1881 Henrici
680 1797 750 1877 vt.
785 1790 1034 1908 Imperatoris
1066 1790 1280 1906 Diploma,
1309 1819 1391 1908 qno
1420 1791 1557 1878 omnia
1587 1786 1795 1909 priuilegio
1825 1791 1865 1874 bt
1896 1783 1979 1898 juro

644 1911 854 1997 confirmat
888 1911 1128 1996 Monallerio
1166 1908 1299 1994 Sancti
1330 1909 1544 1996 Salvatoris
1574 1910 1624 1996 od
1655 1915 1808 1994 Leones

825 2029 868 2116 in
901 2031 1076 2116 Dioecefi
1106 2025 1314 2139 Brixiam,
1352 2033 1475 2114 Anno
1510 2058 1634 2140 1194.
1662 2156 1665 2162 Ι

408 2255 498 2442 IN
521 2261 643 2333 nomine
678 2261 795 2338 tenete
821 2263 865 2334 o
890 2263 1062 2336 individue
1096 2263 1175 2336 Tri-

484 2362 615 2436 nitatis.
652 2365 806 2438 Henricur
839 2371 954 2437 Sextus
977 2367 1097 2438 divina
1118 2365 1174 2454 sa-

408 2484 506 2534 vente
544 2465 709 2538 clementia
749 2475 962 2539 Romanorum
1004 2471 1175 2562 Imperator

410 2559 458 2640 (θ’
473 2563 593 2668 semper
611 2566 798 2662 Auguslus,
822 2574 849 2640 S
849 2571 861 2636 i
880 2567 1090 2654 Ecclesr'arum
1110 2567 1175 2638 Dei

408 2661 517 2749 usibus
541 2665 764 2764 prospicimus,
789 2673 835 2740 at
858 2691 960 2742 eterne
984 2672 1053 2742 vite
1079 2671 1173 2740 meri-

409 2785 477 2838 tum
517 2763 565 2846 dy
602 2769 818 2866 prosperiorem
857 2771 1038 2864 temporalis
1072 2773 1182 2867 glorie,

410 2867 570 2962 decursum
596 2870 685 2940 nobie
707 2867 852 2963 proficere
885 2871 1055 2946 credimus.
1082 2879 1173 2968 Quo-

410 2967 491 3041 oirra
515 2967 653 3040 omnium
687 2967 804 3040 tante
833 2970 899 3044 Del
925 2973 1081 3060 Ecclefie,
1108 2979 1174 3047 lm·

405 3067 549 3166 petiique
575 3067 669 3156 noslri
695 3067 866 3161 fidelium,
889 3075 1079 3170 presentium
1107 3077 1173 3167 sei-

410 3169 483 3242 licet
517 3197 554 3242 ac
581 3169 760 3262 ficturorum
795 3176 920 3246 noverit
959 3176 1172 3260 universitas,

411 3270 548 3368 qualiter
571 3269 709 3346 dilet‘lus
735 3274 833 3360 roslar
858 3278 1050 3350 Gunterius
1076 3305 1173 3350 verre-

409 3369 525 3444 rabilis
546 3371 667 3446 Abbas
687 3375 894 3452 Monasterii
921 3377 1072 3454 Domini
1096 3381 1173 3454 sal-

409 3473 546 3548 vatoris
572 3476 606 3548 &
634 3474 753 3550 Sonbii
781 3477 988 3563 Benedicti,
1014 3485 1096 3576 quael
1117 3504 1174 3578 per

412 3571 629 3650 Destderiurn
660 3581 790 3674 Regem
819 3581 1100 3657 Lombutdorurn
1133 3581 1172 3656 in

410 3673 594 3751 territorio
629 3679 800 3754 Brixiano
829 3681 961 3757 constet
996 3684 1063 3758 elle
1092 3683 1174 3760 fon·

412 3776 533 3850 dotum
562 3779 596 3848 irs
622 3779 706 3864 loco,
731 3780 788 3878 qui
811 3781 930 3852 dicitur
955 3793 1093 3866 Leones,
1120 3787 1174 3876 as-

404 3877 543 3972 sumptis
561 3877 628 3963 sibi
655 3883 798 3976 pluribus
834 3881 1076 3977 intercessoribus
1097 3908 1174 3982 pre-

405 3979 552 4074 sentavit
585 3981 695 4072 uoslris
720 3981 884 4056 obtutibus
917 3991 1067 4084 Precepta
1094 3994 1172 4058 Pre-

413 4077 592 4174 deceffcrum
619 4085 785 4170 ncslrorum
811 4094 937 4183 Regum
962 4087 1010 4168 &¹
1032 4093 1173 4186 impera-

411 4205 511 4255 torum
520 4231 532 4265 ,
547 4184 698 4258 videlicet
715 4186 862 4270 Karoli',
878 4187 1091 4274 Lodowici,
1106 4193 1173 4264 Be·

285 4297 288 4304 ’
412 4279 591 4382 trogisii,
618 4287 811 4388 lingonis,
835 4288 884 4370 r&
918 4291 1028 4366 trium
1063 4295 1172 4366 Otto·

412 4409 520 4464 num,
555 4409 648 4482 arque
683 4389 857 4472 firmici,
892 4391 941 4474 &¹
975 4392 1168 4468 friderici:

413 4510 472 4583 que
496 4483 597 4556 eielem
616 4486 730 4578 sensio
755 4485 804 4566 dt
837 4495 1016 4568 venerabili
1041 4496 1104 4566 loco
1128 4493 1171 4566 ab

404 4586 525 4680 'eisdem
549 4583 680 4680 concessis
705 4587 753 4670 r&
777 4589 962 4680 confirmata
989 4595 1089 4686 sunt,
1112 4615 1170 4689 pe-

410 4709 480 4761 tent
505 4685 553 4770 &
573 4690 759 4790 suppliciter
781 4691 927 4790 poscent,
951 4715 989 4765 ut
1021 4699 1059 4766 ob
1082 4722 1168 4767 amo·

410 4815 474 4862 rem
508 4795 574 4866 Dei
607 4822 643 4867 ee
678 4796 783 4870 omnia
817 4794 978 4866 inviolata
1005 4795 1168 4883 slatuere,

333 4980 335 4986 Ι
409 4915 504 4989 arque
537 4897 681 4994 Precepti
704 4897 802 4986 noslri
834 4892 1023 4971 aulloritate
1056 4898 1170 4990 confir-

332 5093 340 5108 .
410 5021 495 5071 mare
519 4996 784 5082 &corroborare
816 5001 1038 5098 dignaremur.
1069 4999 1174 5102 Cuius

1210 2264 1244 2336 C
1281 2261 1424 2358 precibus
1444 2259 1484 2335 ob
1507 2260 1622 2334 divine
1644 2217 1901 2334 remuneralionis
1922 2255 2042 2351 premia

1284 2365 1448 2436 clementer
1481 2361 1724 2460 acquiescentes,
1751 2361 1831 2432 hunc
1866 2357 1963 2444 noslre
1986 2381 2045 2428 au·

1285 2460 1445 2536 lloritaris
1468 2465 1622 2560 paginam
1652 2461 1832 2558 perenniter
1855 2453 1904 2537 ά
1934 2458 2048 2530 immu-

1284 2563 1432 2638 tabiliter
1455 2567 1680 2656 observandam
1699 2559 1780 2650 fieri
1800 2558 1967 2650 suffimen,
1990 2579 2049 2654 per

1285 2693 1379 2762 quam
1413 2666 1542 2746 omnia,
1578 2689 1636 2758 que
1668 2660 1737 2750 iarn
1771 2657 1859 2732 dille
1893 2657 2050 2742 Leonensi

1286 2766 1476 2853 Monaslerio
1510 2789 1695 2860 quocumque
1728 2759 1928 2838 nulloritnrss
1955 2761 2049 2830 morlo

1284 2869 1400 2940 collata
1428 2867 1554 2958 suerint
1562 2913 1576 2945 ,
1599 2861 1647 2942 ό·
1682 2888 1719 2932 ea
1753 2863 1879 2937 omnia,
1905 2885 1963 2954 que
1996 2859 2049 2930 bic

1278 2966 1391 3061 subter
1413 2988 1627 3054 annotentur,
1652 2961 1765 3058 absque
1786 2958 1968 3050 cuiusquam
1992 2960 2045 3032 in·

1284 3070 1467 3166 quietudine
1491 3077 1545 3140 vel
1571 3065 1781 3136 diminutione
1802 3059 1927 3156 prefato
1951 3065 2043 3132 Gon·

1213 3187 1245 3255 D
1284 3173 1362 3242 reric
1386 3171 1536 3248 Abbati,
1561 3166 1688 3263 eiusque
1713 3159 1942 3256 successoribus,
1967 3187 2042 3232 cun-

1284 3271 1403 3368 llssque
1417 3267 1598 3344 'Fratribus
1625 3269 1661 3338 in
1682 3265 1754 3360 inm
1777 3261 1865 3334 cislo
1890 3263 1952 3332 loco
1978 3267 2045 3332 Deo

1280 3369 1518 3462 famulantibus
1551 3366 1767 3461 confimcmus
1795 3365 1840 3435 Θ·
1873 3367 2044 3434 matona-

1284 3501 1373 3554 mus,
1400 3494 1495 3568 atque
1529 3470 1726 3565 integerrime
1760 3466 1934 3560 largimur.
1961 3461 2043 3548 Idesl

1284 3573 1514 3659 Mcuaslerium
1542 3597 1611 3643 cum
1632 3571 1704 3660 suis
1736 3565 1949 3656 adjacentiis,
1976 3589 2044 3636 cum

1284 3674 1479 3772 Baptismali
1496 3671 1636 3759 Ecclesia
1652 3677 1680 3742 S
1679 3667 1769 3742 nulli
1772 3675 1803 3759 J
1804 3665 1936 3740 obannis
1949 3711 1960 3746 ,
1976 3691 2043 3736 curn

1282 3777 1423 3851 omuibus
1458 3777 1558 3848 eidem
1585 3770 1779 3857 Monaslerio
1810 3765 2042 3866 pertinent-ibus

1284 3882 1317 3952 in
1339 3879 1460 3969 summo
1485 3884 1593 3956 Lacu,
1620 3873 1656 3944 in
1688 3872 1841 3966 Vignole,
1866 3867 2041 3963 Campilio-

1283 4008 1341 4062 ne,
1367 3980 1479 4056 Sullo.
1508 3980 1683 4056 Materno,
1716 3971 1883 4050 Parmole‚
1911 3975 2042 4042 Gaesar-

1219 4090 1246 4158 E
1281 4089 1345 4160 do,
1371 4081 1527 4160 Cubiato,
1554 4075 1717 4168 Guffium,
1753 4072 1935 4150 Grrlliano,
1960 4069 2042 4140 Pul-

1282 4185 1384 4264 liaco,
1407 4187 1586 4258 Ccvunno,
1609 4174 1831 4253 Scanilliano,
1852 4171 2042 4268 castenetto,

1282 4284 1493 4373 Bisennana·,
1533 4275 1743 4374 Campasuri‚
1786 4271 2040 4362 Marmoretulo,

1282 4381 1489 4470 Caluisiano,
1516 4381 1632 4460 Riclo,
1658 4379 1785 4450 Gae'de.
1820 4373 1980 4444 Solarium
2004 4371 2040 4442 io

1284 4486 1400 4560 Brixia
1424 4511 1491 4557 cum
1517 4483 1614 4556 broilo
1637 4479 1731 4575 usque
1756 4475 1790 4546 in
1815 4474 1907 4546 viam
1929 4472 2041 4544 Orien·

1282 4589 1347 4672 tis,
1372 4583 1420 4666 ἴθ’
1445 4609 1513 4656 cum
1539 4579 1679 4666 Ecclesia
1709 4575 1827 4650 Sanlli
1852 4571 2039 4648 Benedilli.

1283 4690 1367 4782 Casa
1385 4689 1419 4758 in
1441 4693 1578 4758 Verona.
1599 4684 1707 4754 Rebus
1730 4680 1764 4750 in
1783 4676 1951 4759 Ternisio‚
1965 4679 2039 4748 Da-

1282 4793 1331 4866 le.
1367 4788 1532 4868 Nuciamr,
1566 4791 1695 4863 Paene,
1730 4779 1939 4876 Castrorum,
1973 4799 2041 4847 curo

1283 4890 1421 4977 Ecclesia
1445 4884 1562 4962 sancti
1586 4888 1743 4964 meree,
1767 4880 1951 4956 Milcinno.
1976 4881 2042 4946 Go-

1281 4994 1408 5092 taringo
1427 5019 1495 5066 cum
1513 4985 1653 5075 Ecclesia
1674 4982 1792 5060 Saul‘li
1812 4981 1903 5058 Petri
1910 5005 1932 5068 ,·
1934 4983 2041 5150 ἐίκ-
