4536 6064
272 415 361 500 749
571 382 938 528 utaauutfflo
979 324 1498 501 uulneratorum.
1706 413 1794 502 750

327 754 465 858 Signum
488 759 611 832 Domai
695 541 951 1040 ψ
1011 753 1130 830 Keroli
1147 754 1337 875 seteniffimi
1360 755 1561 855 imperatoris
1584 755 1750 856 Augusti.

789 1116 911 1195 Locua
936 1109 1058 1214 Sigilli
1084 1114 1130 1205 tir
1155 1111 1277 1206 cerei,
1312 1111 1408 1212 quod
1434 1109 1547 1186 adbuc
1572 1109 1626 1186 ibi
1653 1107 1803 1188 viltur.

217 1315 405 1412 inquiritur
428 1316 585 1392 Notarius
608 1317 655 1392 cri
677 1317 781 1392 vicero
805 1315 1007 1392 Liuttruatdi
1032 1314 1322 1391 Arcbiearrrllerii
1347 1313 1512 1412 recognovi
1536 1311 1585 1394 (ἓν
1613 1311 1803 1412 subscripsi.
1884 1293 1890 1298 ’

220 1523 312 1596 Data
338 1525 409 1594 ΧΥ.
436 1521 606 1594 Kalendas
629 1521 774 1603 Martii,
799 1527 903 1596 Arno
928 1519 1161 1594 incarnationis
1186 1518 1321 1592 Domini
1345 1515 1658 1594 DCCCLXXXIII.
1698 1515 1858 1592 indidia-

322 1648 362 1694 ne
387 1627 459 1696 ΧΥ.
485 1629 590 1696 Arna
613 1629 689 1696 vert
713 1623 845 1722 Imperii
869 1623 990 1698 Domni
1014 1621 1133 1698 Karoli
1158 1623 1320 1697 Secundo.

220 1823 348 1900 Attum
371 1833 538 1928 Rauenna
562 1827 711 1904 Ciuitate
736 1825 770 1904 in
797 1827 862 1902 Dei
887 1827 1010 1900 nomine
1030 1824 1188 1918 feliciter.
1213 1830 1344 1900 Amen.

257 2029 337 2104 ¹Me
371 2027 451 2106 heic
485 2044 708 2106 remorantur
739 2028 986 2134 chronologi·
1019 2032 1052 2104 A
1074 2026 1229 2102 'nodum
1256 2024 1350 2102 hunc
1376 2023 1514 2115 solvat,
1541 2040 1602 2100 aut
1628 2023 1667 2100 in
1694 2041 1859 2143 autogra-

221 2153 282 2204 cae
321 2133 461 2222 Notae,
501 2130 625 2230 easque
660 2133 870 2232 perpendere
905 2159 985 2234 gra·
1099 2129 1169 2230 pho
1195 2127 1387 2210 scrutetur,
1415 2154 1459 2202 an
1494 2125 1672 2202 festinanti
1700 2125 1789 2200 mihr
1818 2127 1860 2200 in

223 2250 301 2304 tum
329 2257 470 2331 quoque
498 2231 646 2310 Leilori
675 2231 843 2310 suturum'
871 2252 983 2335 puto.
1097 2229 1326 2306 exscribendo
1361 2227 1498 2328 aliquid
1534 2225 1730 2318 exciderit,
1765 2225 1861 2302 nihil

222 2334 420 2406 Secundum
456 2359 681 2409 communem
717 2339 850 2412 Aetam
890 2335 986 2408 Indi-
1098 2331 1195 2406 aliud
1232 2331 1324 2406 mihi
1358 2329 1546 2406 dicendum
1587 2327 1759 2406 succurrit
1792 2323 1860 2402 nili

223 2429 288 2504 iiio
323 2439 395 2510 ΧΥ.
430 2432 470 2508 in
505 2434 574 2510 hoc
610 2435 818 2538 Diplomate
853 2435 984 2538 signata
1099 2459 1252 2510 errorem
1288 2432 1381 2506 hunc
1417 2429 1643 2506 tribuendum
1671 2428 1861 2530 Inquirioo

222 2529 262 2606 in
289 2533 390 2610 cursu
415 2536 482 2610 else
507 2537 626 2634 coepit
652 2539 849 2640 Septembri
885 2564 987 2614 men·
1101 2534 1277 2626 Notario‚
1298 2533 1355 2608 seu
1379 2533 1453 2632 ejus
1473 2531 1710 2618 Amanuenfi‚
1730 2531 1793 2630 qui
1817 2557 1861 2602 o-

223 2631 257 2708 se
282 2636 383 2708 Anni
410 2643 687 2712 Dccccxxxt.
713 2667 755 2716 ac
780 2639 881 2716 defiir
905 2647 986 2714 Aa·
1100 2635 1419 2710 scitantetAnrum
1441 2637 1751 2706 Dccccxxxttt.
1776 2631 1862 2708 scri-

224 2762 264 2808 no
289 2742 583 2812 Dcccuxxxtt.
617 2739 677 2813 die
757 2741 879 2818 litema
904 2747 986 2814 Au·
1101 2736 1207 2838 pserit
1245 2765 1284 2810 ro
1295 2738 1745 2810 mecumtecum
1757 2733 1863 2832 quip-

226 2836 337 2936 gusti,
377 2857 439 2912 aut
479 2841 543 2910 1x.
580 2841 695 2912 Kalen
721 2866 758 2914 aa
796 2840 985 2916 Oilobris.
1102 2865 1144 2936 pe
1171 2764 1262 2910 mibi
1298 2836 1345 2910 est
1369 2837 1408 2910 in
1435 2840 1546 2910 Anno
1572 2835 1690 2934 potina
1726 2836 1863 2934 Volga-

226 2941 401 3012 Attamen
429 2935 586 3012 occurrit
619 2935 701 3012 heic
735 2939 840 3014 nobit
865 2941 987 3012 eadem
1027 2939 1056 3006 B
1101 2939 1156 3026 ri,
1183 2941 1289 3033 qulm
1316 2936 1355 3012 in
1393 2935 1595 3012 tndiuione
1628 2939 1737 3010 latere
1763 2960 1864 3010 men-

226 3036 368 3114 tarsun
411 3043 482 3112 ΧΥ.
527 3037 717 3139 conjuncta
760 3065 841 3116 cum
885 3045 988 3114 Anno
1102 3035 1206 3125 dam,
1233 3062 1346 3131 quum¹
1369 3045 1493 3108 Annas
1524 3039 1685 3110 Secundus
1718 3034 1866 3136 Imperii
1981 3069 1987 3078 ·

227 3143 539 3214 DCCCIXXXIII.
558 3139 594 3214 δι
615 3138 674 3215 die
699 3147 770 3216 XV.
797 3140 988 3214 Februarii.
1104 3135 1253 3241 Augulli
1288 3133 1410 3226 illius,
1436 3137 1472 3207 δι
1498 3135 1640 3208 tucior.
1673 3143 1745 3213 XV.
1772 3135 1867 3212 recte

227 3239 328 3335 Quid
354 3267 438 3342 ergo
463 3239 675 3316 dicendum?
703 3242 806 3318 Certi
831 3246 866 3317 ue
894 3240 989 3316 anti·
1105 3236 1347 3325 conveniant,
1384 3254 1490 3334 atque
1528 3235 1690 3310 indicent
1727 3245 1868 3312 Annum

227 3339 386 3516 quiffimi
421 3339 603 3442 archetypi
636 3341 729 3444 figur
754 3344 876 3420 omnia
903 3369 990 3418 con·
1105 3342 1400 3414 DCCCLXXXII.
1442 3335 1552 3510 quue
1588 3337 1697 3411 etiam
1737 3337 1869 3412 conlit-

256 3443 385 3520 uebaot
425 3443 464 3520 io
505 3443 579 3545 ejue
621 3445 842 3545 Diplomatis
877 3471 990 3522 mem·
1106 3459 1181 3516 mat
1216 3439 1354 3514 mentio
1380 3436 1460 3513 heic
1504 3437 1580 3512 abta
1605 3439 1772 3532 Jolrernir
1797 3445 1866 3514 Pa·
1906 3471 1909 3477 ·

229 3545 399 3622 branam.
435 3549 563 3644 Neque
597 3545 639 3621 acl
666 3549 991 3624 Annumfloreo-
1104 3565 1165 3642 per
1182 3541 1286 3644 hujus
1309 3539 1467 3615 nominis
1485 3540 1626 3623 ouant.
1645 3539 1770 3616 eodem
1788 3544 1869 3616 An·

229 3646 348 3722 tinum
377 3663 438 3722 aut
465 3646 631 3724 Pisanum
667 3650 711 3724 ab
747 3649 1022 3766 incarnatione}
1108 3673 1155 3720 no
1190 3647 1210 3720 b
1245 3643 1323 3718 vita
1357 3641 1512 3718 sublati.
1548 3646 1613 3716 Fas
1648 3667 1806 3742 quoquev
1825 3638 1869 3716 stt

230 3746 439 3848 confugite,
478 3765 520 3823 ut
554 3747 686 3825 nodum
723 3751 798 3850 ejus
833 3779 901 3852 ope
925 3750 1023 3854 dis-q
1109 3745 1200 3822 mihi
1240 3771 1302 3846 per
1336 3743 1575 3846 conjebluram
1614 3743 1795 3843 inquirere
1829 3743 1870 3818 in

230 3848 373 3925 solvat.
399 3851 533 3926 Nullus
558 3849 638 3926 nete
665 3851 837 3950 ejusmodi
864 3852 996 3954 effugio
1032 3839 1066 3913 C
1106 3847 1283 3948 originem
1311 3846 1384 3922 loci
1410 3843 1515 3946 ipfiue
1541 3847 1723 3942 corrupti.
1758 3849 1874 3922 Com·

230 3951 353 4026 locut.
377 3955 426 4025 Et
446 3949 648 4052 praesertim
663 3953 763 4054 quod
780 3953 871 4056 apud
886 3958 997 4030 Cam·
1110 3947 1278 4126 plebiitur
1304 3949 1474 4044 Diploma
1501 3946 1570 4021 hoc
1595 3948 1756 4046 generale
1780 3950 1872 4022 Cae·

230 4053 332 4154 pium
368 4057 479 4130 Tum.
513 4053 542 4129 1.
578 4053 712 4130 Hillor.
747 4053 880 4130 Eccles.
916 4057 998 4130 Pla·
1124 4053 1193 4128 aris
1219 4049 1413 4131 Edictum,
1447 4048 1486 4122 in
1512 4049 1675 4123 omnium
1702 4045 1873 4122 Ecclesia-

232 4157 417 4248 reatinae,
445 4158 600 4256 &apud
628 4156 836 4258 Uqhellium
864 4158 997 4234 inCa·
1109 4179 1189 4228 tum
1225 4178 1265 4226 ac
1307 4149 1602 4225 Monalieciorum
1642 4152 1791 4226 tutelam
1829 4172 1871 4222 ae

231 4259 355 4356 talogo
365 4255 619 4357 Episcoporum
633 4257 890 4348 Parmensium,
905 4261 996 4333 Cre·
1111 4252 1377 4329 immunitatem
1391 4255 1675 4353 promulgatum.
1691 4247 1871 4346 Unusqui-

232 4358 449 4433 monenstum
477 4360 545 4432 &o
571 4361 606 4432 δι
635 4383 737 4458 penes
757 4359 994 4436 Coelellinum
1111 4355 1195 4456 sque
1214 4353 1468 4453 Episcoporum
1488 4358 1522 4428 oc
1544 4355 1750 4433 Abbatum,
1770 4365 1876 4450 prout

232 4459 273 4535 iu
300 4459 458 4534 Historia
485 4459 730 4560 bergomense,
761 4480 867 4560 atque
894 4461 932 4534 in
960 4489 997 4534 a·
1112 4457 1247 4533 occasto
1272 4453 1426 4536 serebat,
1452 4453 1695 4530 authenticum
1720 4449 1872 4550 ejusden
2000 4541 2004 4550 Ι

232 4559 296 4634 tiis
323 4559 540 4658 Diplomatis
567 4565 586 4634 I
611 4587 669 4636 mo
695 4562 897 4662 productis,
923 4565 994 4638 Ca·
1114 4559 1316 4656 exemplum
1352 4555 1415 4630 stbi
1452 4558 1685 4656 procurabat.
1723 4555 1874 4630 ld‘uerb

234 4663 331 4736 tolus
361 4661 500 4736 Crassus
526 4665 622 4738 Aeci
646 4663 785 4765 vulgari
822 4663 900 4740 usus
935 4663 998 4738 de·
1116 4661 1301 4760 praecipue
1335 4655 1467 4732 sallum
1503 4661 1548 4732 ab
1576 4653 1755 4730 Adelardo
1787 4653 1873 4752 Epi·

238 4761 498 4859 prehendatur,
522 4785 626 4861 atque
650 4765 690 4840 in
714 4765 789 4866 ejus
811 4764 916 4840 Attis
941 4771 997 4837 ln·
1026 4747 1075 4842 ,D
1118 4763 1221 4860 scopo
1262 4759 1488 4836 Veroneofi.
1528 4755 1623 4832 Vide
1665 4757 1873 4856 Ugbellium

235 4863 337 4938 rictu
373 4870 443 4938 ΧΥ.
470 4861 673 4961 respondeat
699 4872 810 4940 Anno
845 4871 998 4942 DCCC·
1107 4871 1218 4941 Tom.
1245 4867 1291 4935 V.
1319 4863 1399 4936 Ital.
1425 4865 1519 4935 Sacr.
1559 4859 1620 4932 ubi
1655 4855 1726 4938 hoc·
1760 4855 1871 4958 ipsum

235 4969 421 5042 Lllllllll.
446 4961 484 5038 ἂ
506 4963 646 5038 Indiiiio
667 4973 824 5042 l.Anno
845 4972 999 5044 DCCC·
1110 4967 1304 5063 Diploma,
1339 4961 1395 5036 sed
1430 4961 1469 5034 in
1505 4961 1685 5056 aliquibus
1711 4985 1782 5033 non
1823 4957 1872 5034 sat

234 5071 443 5146 LXXXIII.
459 5071 579 5163 Quare
597 5065 681 5142 dum
700 5067 887 5170 quisquam
906 5067 1000 5146 milti
1115 5085 1276 5145 accurate
1298 5063 1536 5166 descriptum,
1559 5060 1696 5138 editum
1719 5059 1787 5236 elil,
1812 5087 1873 5180 ye-

1770 5179 1825 5237 ult
