4536 6064
448 359 540 509 '⁶75ss
723 369 1151 512 ,nn-rreum:
1211 363 1682 512 trementer
1766 491 1808 512 ..
1877 391 1966 495 ιρι

390 489 537 564 nesam
561 487 745 588 centnm
780 495 926 565 nomm
947 491 1042 581 „esen
1067 490 1152 586 ιιι
1187 491 1221 564 Α
1256 489 1326 576 ιι
1360 491 1540 611 eneas,
1573 494 1721 592 qm
1760 495 1805 564 tn
1838 495 1925 592 ιρι
1957 495 2022 581 ιι,

392 591 531 679 Chrisli.
571 600 666 668 Nunc
698 611 803 666 autem
842 621 960 691 quoque
994 595 1151 666 Dominus

391 692 531 790 largitus
553 695 599 784 ιβ
623 695 702 766 mibi
728 695 789 792 ipfi
820 696 958 780 Ειιίιβι
989 718 1047 793 per
1072 696 1153 768 bant

392 795 582 894 offersionem
605 799 718 870 devote
751 798 866 870 mentis
896 798 1006 895 efferre
1028 797 1152 882 defide-

391 923 447 980 ιι,
473 898 557 971 unde
581 899 735 969 eredimus
759 904 807 972 aa*
832 900 898 972 Dei
931 897 1153 995 omnipotentis

392 998 634 1090 misericordiam
671 1023 854 1094 pervenere.
895 1003 1039 1072 Primum
1079 1001 1151 1096 qui·

391 1100 583 1192 demersere
617 1099 678 1196 ipfi
713 1101 848 1187 Ecclefie
877 1101 919 1175 ud
954 1101 1151 1176 deservien-

391 1199 475 1276 dum
501 1202 536 1274 δι
569 1202 707 1276 laudem
745 1204 905 1278 Domino
939 1203 1152 1302 reddendum

392 1303 525 1378 Pueros
545 1301 630 1394 hos,
651 1303 713 1402 qui
734 1302 851 1379 subter
869 1306 1054 1405 leguntur.
1071 1307 1153 1378 'Hec

1263 589 1311 672 (ι’
1336 595 1485 665 &metum
1513 595 1640 692 inipso
1669 594 1817 693 pariete,
1852 619 1942 694 quem
1969 621 2025 666 nos

1263 691 1404 780 misimus
1442 717 1523 766 retro
1562 698 1664 792 ipsam
1698 695 1841 781 allidam
1877 699 1917 769 de
1955 697 2025 792 ipsa

1264 795 1403 883 Ecclesia
1426 797 1541 870 Santll
1566 799 1733 872 Manimi.
1769 802 1820 869 Et
1844 799 1920 870 inde
1943 823 2023 894 qua-

1264 897 1340 968 liter
1366 897 1431 995 ipse
1452 891 1559 996 paries
1583 897 1751 994 edificatus
1774 899 1818 987 ιβ
1841 922 1899 997 per
1921 899 2023 969 deris-

1264 1017 1357 1082 tum,
1391 998 1589 1094 dsscendente
1613 1003 1708 1100 usque
1742 1001 1777 1072 in
1804 1001 1905 1100 ipsam
1934 1001 2024 1094 pria-

1265 1127 1328 1172 rem
1352 1099 1456 1192 finem
1488 1104 1530 1174 ds
1563 1103 1629 1200 ipss
1660 1102 1807 1200 pariete,
1840 1103 1897 1200 qui
1930 1101 2025 1172 venit

1262 1203 1304 1274 ab
1330 1203 1395 1299 ipso
1428 1201 1588 1276 viridaria
1622 1207 1721 1293 ιιβιι
1744 1233 1767 1277 a
1794 1205 1890 1300 super
1923 1203 2024 1301 ipsam

1264 1307 1296 1374 F
1298 1301 1424 1390 istulam
1449 1301 1579 1398 cessante
1605 1293 1683 1378 irde'
1704 1309 1783 1378 durs
1812 1306 1929 1402 pedes.
1964 1311 2024 1378 ln-

384 1401 466 1498 sunt
491 1405 617 1478 nemina
651 1431 778 1476 esrum:
812 1405 986 1496 Johsnnes
1022 1407 1155 1480 Disco·
1198 1419 1226 1490 Β
1257 1404 1315 1496 sra
1339 1404 1397 1476 bas
1422 1427 1527 1478 autem
1554 1403 1701 1498 sinesin
1727 1407 1883 1504 integrum
1908 1426 2024 1480 terram

391 1529 484 1592 nus,
507 1505 606 1596 *filius
641 1505 791 1604 Urfiperti
815 1509 855 1580 de
881 1507 1070 1590 Valentino,
1105 1505 1154 1586 (ι

392 1607 480 1680 alins
495 1607 670 1696 lohannes
685 1607 924 1684 Subdiaconus
936 1663 947 1700 ,
956 1608 1055 1701 fitius
1072 1617 1154 1682 Ler-

393 1707 466 1791 uis,
497 1707 738 1807 Liutprsndus
765 1711 1004 1784 Subdisconus
1024 1711 1068 1782 ele
1094 1711 1155 1782 Li-

390 1809 508 1892 hnria,
528 1809 625 1900 filius
651 1811 805 1906 Liuperr,
833 1817 1039 1911 Emepsrsus
1068 1813 1155 1885 Cle·-

391 1907 508 1999 ricus,
519 1911 678 2001 filius...
703 1912 1033 2010 Sidepersus‚filius
1050 1919 1154 1985 Mau-

390 2010 423 2084 rt'
455 2014 496 2083 de
528 2014 645 2094 Saltu,
682 2017 803 2103 Lupus
838 2015 1029 2096 Clericus,
1064 2039 1153 2110 quem

387 2112 502 2184 datum
525 2112 624 2186 habui
647 2117 687 2186 sle
706 2113 794 2205 filiis
818 2115 997 2204 Aunesrit,
1026 2116 1071 2186 U·
1096 2119 1150 2189 A·

386 2211 560 2312 suipertus
595 2215 755 2290 Clericus
789 2219 829 2288 de
863 2215 1000 2290 Liburia
1012 2265 1026 2298 ,
1053 2215 1151 2308 filius

1264 1505 1357 1578 illam
1381 1533 1450 1578 rum
1474 1505 1551 1593 eaJis
1569 1509 1642 1601 siris
1666 1511 1711 1580 Ο·
1735 1535 1802 1579 eum
1828 1507 1893 1604 ipse
1915 1504 2022 1603 parle-

1263 1625 1294 1678 te
1319 1627 1400 1678 retro
1425 1609 1526 1705 ipsam
1550 1609 1692 1696 absalem
1727 1611 1761 1682 in
1789 1609 1859 1704 ipsa
1883 1610 2022 1695 Ecclesia

1263 1707 1398 1802 rffirus'.
1433 1711 1532 1782 Illam
1564 1737 1639 1784 uero
1672 1731 1788 1784 serram
1814 1708 1862 1790 &
1885 1737 2022 1786 vamum

1263 1835 1331 1880 eum
1356 1807 1479 1903 edificia
1497 1812 1576 1904 sus,
1611 1813 1693 1910 quui
1717 1811 1761 1900 ιβ
1784 1815 1824 1884 de
1849 1811 1909 1900 ι’βι
1929 1833 2022 1910 parre

1261 1911 1302 1980 de
1327 1911 1394 2004 ipso
1424 1913 1570 2008 pariete,
1606 1914 1674 2011 qui-
1695 1935 1777 1986 retro
1812 1911 1912 2008 ipsam
1937 1913 2021 2001 alfi-

1260 2011 1336 2084 dam
1360 2011 1428 2100 ιβ,
1456 2013 1491 2084 in
1516 2013 1646 2101 ιιβιι,
1680 2016 1737 2084 vel
1769 2017 1808 2085 de
1833 2014 1945 2102 nestris
1968 2019 2023 2087 lre-

1261 2111 1390 2186 redibus
1415 2111 1648 2202 reservavimus
1680 2115 1853 2210 poteslatet
1887 2115 2022 2189 interitu

1261 2214 1388 2310 quidem
1421 2213 1537 2287 babeat
1572 2215 1642 2312 ipsa
1675 2214 1814 2302 Ecclesia
1838 2212 1886 2292 (ι’
1911 2223 2022 2288 Sacer-

388 2316 553 2410 Carungi.
591 2315 723 2400 lnfimul
747 2315 796 2396 φ
820 2319 860 2390 de
886 2322 976 2390 rebus
1001 2318 1077 2388 meir
1103 2321 1151 2400 ibi
1189 2321 1222 2394 C
1263 2319 1349 2386 dotes
1375 2313 1472 2412 ipsius
1497 2343 1519 2390 ι
1541 2329 1641 2414 parte
1668 2315 1737 2412 ipsa
1761 2318 1801 2388 de
1837 2315 1908 2412 ipsa
1940 2319 2022 2390 Pla-

388 2415 515 2496 ubtuli,
546 2441 605 2513 que
624 2419 733 2510 subter
766 2421 915 2516 leguntur
927 2448 949 2507 ,·
983 2418 1060 2508 idesl
1085 2440 1149 2492 ter-

388 2539 458 2592 ram
489 2538 548 2614 per
580 2520 742 2592 circuitum
779 2521 875 2616 ipsius
910 2518 1044 2606 Ecclefle
1056 2570 1069 2603 ,
1104 2522 1150 2592 θ’

389 2617 503 2711 tasas,
530 2622 669 2716 qualiter
693 2620 837 2714 edificate
858 2623 1027 2716 suuteum
1053 2629 1151 2695 Curre

384 2717 470 2812 βιι,
496 2717 544 2798 &
570 2742 654 2796 terra
678 2749 781 2796 vacua
806 2755 827 2796 a
846 2725 942 2821 super
966 2723 1066 2819 ipsam
1086 2729 1151 2794 Ec-

389 2819 539 2906 tleJiam,
575 2849 638 2894 une
663 2825 818 2906 senienre,
853 2853 912 2921 que
946 2827 1039 2896 babes
1069 2823 1153 2914 fines

388 2948 412 2993 a
430 2919 544 3012 subtus
568 2949 643 3016 erga
664 2924 818 3019 parietem
850 2931 891 2997 tle
924 2925 990 3020 ipss
1022 2927 1152 3000 virida-

387 3021 436 3092 rir
462 3020 559 3108 ntslre
582 3025 659 3092 durs
692 3027 785 3119 pedes
818 3025 861 3100 ab
895 3030 998 3100 erdem
1034 3029 1152 3111 pariete

388 3115 546 3216 cessante,
582 3123 626 3194 U·
664 3145 720 3222 per
757 3127 878 3200 exiente
918 3130 952 3202 in
992 3131 1150 3214 plateam,

387 3247 465 3320 que¹
485 3225 612 3297 delusit
644 3227 690 3300 ad
724 3233 853 3304 Portam
885 3235 926 3303 le
960 3231 1149 3324 Rispizzu‚

388 3321 508 3400 abinde
540 3325 719 3414 salientes
744 3332 846 3426 eapite
880 3335 920 3404 de
957 3334 1025 3425 ipsa
1051 3332 1147 3416 casa,

387 3449 482 3522 quam
507 3429 718 3526 Guulpertus
745 3436 870 3506 Servus
897 3433 1007 3508 noster
1041 3431 1091 3506 ili
1115 3462 1149 3504 ι-

388 3525 539 3619 dificavit
570 3551 626 3624 per
659 3533 762 3604 latera
796 3561 871 3628 erga
905 3535 1005 3628 ipsam
1029 3535 1146 3618 vlam,

389 3651 449 3726 que
473 3631 599 3702 deducit
623 3634 669 3703 ad
692 3639 793 3714 calam
818 3640 858 3707 ele
884 3635 1072 3722 thenlibus
1098 3633 1146 3716 (ι’

387 3729 523 3813 nterim,
544 3731 602 3828 qui
627 3731 696 3802 illie
721 3735 871 3808 habitant
883 3785 895 3818 ,
921 3743 1070 3834 quomode
1096 3740 1148 3835 ip·

381 3831 543 3926 sem..
569 3831 736 3916 discernit,
765 3833 813 3914 ὅγ’
839 3837 971 3920 saliente
990 3839 1051 3930 sub
1076 3840 1148 3928 rasa

389 3935 430 4006 de
456 3930 546 4025 filiis
578 3936 762 4008 Auderami
773 3983 785 4019 ,
826 3937 875 4018 (9·
913 3939 1054 4010 rernlrrit
1090 3959 1149 4035 per

389 4035 491 4134 ipsam
514 4035 626 4116 viam,
652 4035 698 4106 (ι’
730 4037 862 4122 salimte
887 4040 980 4137 usque
1008 4041 1071 4132 sul
1093 4069 1148 4114 ta-

384 4137 427 4230 sa
453 4135 606 4233 Fr'liperti
621 4133 696 4228 filii
721 4140 893 4226 Eelesuni,
918 4144 1057 4240 qualiter
1079 4169 1149 4214 mo·

376 4240 431 4308 ale
453 4239 518 4326 ease
543 4236 641 4322 nsslre
666 4235 716 4310 ibi
740 4241 885 4333 adficere
904 4243 1003 4335 sunt,
1030 4247 1074 4316 Θ·
1095 4245 1149 4336 se-

387 4357 545 4524 rre
567 4337 880 4538 ss
901 4345 1071 4520 ιι
1084 4347 1149 4536 t·

557 4467 579 4526 ,⁰
858 4473 880 4518 a
977 4475 994 4519 e
1040 4475 1095 4520 er
1131 4475 1149 4520 ι

390 4559 495 4610 monte
514 4536 616 4629 finis,
644 4540 726 4608 idem
752 4545 884 4614 andieus
900 4469 931 4621 ξι
955 4549 1026 4638 casa
1052 4469 1149 4643 ipsus

389 4640 547 4736 filiperti
565 4643 609 4712 Θ
634 4639 797 4712 Madelmi
813 4639 888 4733 filii
907 4646 1074 4729 Danadei,
1100 4646 1149 4728 ό*

259 4773 293 4818 .·
373 4739 562 4832 ¹Gauelep'sli
577 4783 595 4834 ‚1
622 4740 669 4824 (ι’
705 4741 860 4834 Lansridi
885 4743 960 4836 filii
993 4748 1149 4831 Laduli,

382 4842 467 4929 fitur
492 4849 536 4916 0·
562 4847 636 4918 inde
655 4847 740 4938 sepis
764 4847 939 4934 distemit,
965 4849 1010 4920 θ’
1029 4849 1149 4942 serula·

388 4965 457 5018 tum
487 4943 612 5036 salium
641 4948 733 5039 snit.
771 4953 821 5022 De
854 4949 922 5024 alia
943 4957 1019 5024 veri
1052 4953 1150 5024 latere

388 5046 588 5140 descendente
615 5051 679 5148 sul
713 5051 779 5150 ipsu
811 5051 969 5130 aeditua
992 5058 1064 5156 tasa
1097 5051 1150 5153 ip-

1261 2436 1339 2497 tea,
1374 2416 1431 2488 uli
1457 2415 1518 2514 ipfi
1542 2418 1687 2492 Cancelli
1707 2416 1804 2514 positi
1830 2417 1937 2509 sunt.
1975 2425 2025 2491 Et

1261 2515 1353 2588 nubis
1379 2513 1428 2596 &
1453 2515 1565 2606 nostris
1590 2519 1754 2592 heredibus
1787 2518 1881 2589 liceat
1907 2519 2022 2592 introi·

1260 2643 1293 2688 re
1318 2617 1353 2688 in
1379 2617 1480 2712 ipsam
1504 2618 1674 2704 Ecclesiam
1699 2622 1739 2689 tle
1773 2616 1832 2706 ista
1863 2639 1959 2715 parte
1981 2623 2023 2694 ds

1260 2717 1330 2814 ipsa
1352 2717 1424 2810 casa
1449 2719 1551 2804 nostra
1563 2765 1575 2800 ,
1600 2717 1660 2792 ubi
1685 2719 1749 2814 ipse
1773 2717 1907 2792 andim
1932 2724 2023 2793 mods

1258 2817 1327 2906 ιβ,
1362 2817 1457 2914 usque
1481 2819 1525 2890 ad
1555 2817 1655 2914 ipsam
1691 2820 1855 2915 Regiam,
1886 2843 1948 2914 que
1984 2821 2021 2894 in

1260 2919 1329 3016 ipsa
1355 2917 1494 3004 Ecclesia
1519 2917 1670 3011 edificata
1695 2918 1757 3005 ιβ,
1787 2920 1822 2988 in
1852 2919 1921 3014 ipsa
1940 2920 2023 3013 sub-

1258 3021 1330 3094 elisa
1349 3017 1493 3115 subtere
1518 3023 1556 3094 de
1583 3020 1652 3116 ipsa
1678 3018 1815 3106 Etelefia
1827 3067 1840 3102 ,
1868 3019 1925 3091 uli
1949 3023 2023 3094 Al-

1261 3142 1330 3194 tare
1354 3121 1468 3197 Sanili
1500 3121 1718 3194 Bartholomei
1741 3119 1891 3216 Apostoli
1924 3119 2020 3212 edifi-

1193 3231 1225 3298 ὓ
1259 3243 1362 3294 catum
1388 3221 1451 3309 ιβ.
1476 3223 1643 3324 Simulque
1668 3222 1712 3294 θ’
1735 3244 1792 3319 per
1800 3273 1913 3296 ......
1942 3221 2020 3316 uffi-

1261 3323 1358 3394 rimus
1377 3323 1424 3396 ibi
1440 3345 1557 3396 tetram
1566 3371 1578 3406 ,
1597 3351 1655 3420 que
1672 3323 1854 3420 appellatur
1869 3321 1909 3392 de
1930 3327 2020 3394 Pan-

1260 3425 1339 3497 dula
1364 3428 1410 3498 ad
1435 3424 1519 3522 ipsas
1544 3425 1703 3524 quercias,
1731 3423 1901 3522 eapientem
1921 3423 2020 3516 semi-

1262 3527 1420 3598 nationem
1447 3525 1615 3597 mediarum
1641 3546 1795 3622 quatum,
1830 3521 1878 3604 &¹
1903 3523 1945 3612 ιβ
1972 3523 2021 3599 ibi

1260 3625 1418 3714 ariusium
1458 3629 1629 3701 vitatum.
1671 3627 1791 3699 Aliam
1822 3625 1942 3723 petiam
1977 3629 2022 3700 ad

1260 3728 1352 3802 Aisa
1379 3728 1576 3822 ‚Moderasu
1610 3725 1731 3801 alliam
1764 3747 1880 3798 terram
1913 3731 1954 3799 de
1986 3728 2022 3800 la

1261 3825 1383 3921 Pessna
1406 3833 1447 3902 ele
1471 3829 1585 3902 modiis
1616 3831 1758 3910 duobus,
1793 3855 1852 3926 que
1887 3829 1929 3914 ιβ
1953 3835 2022 3902 Ca·

1256 3929 1400 4023 sastina.
1434 3931 1554 4006 Aliam
1578 3949 1715 4012 terrem,
1746 3955 1806 4028 que
1839 3929 2021 4004 nominatur

1259 4035 1300 4104 de
1325 4033 1448 4125 Rosala
1473 4030 1644 4103 modiorum
1669 4033 1856 4113 duedecim,
1891 4025 1941 4108 ὸ·
1965 4057 2020 4103 ar·
2155 4014 2165 4029 ⁸

1259 4263 1302 4309 ve
1339 4235 1578 4310 avelleretum.
1617 4235 1738 4309 Aliam
1778 4257 1923 4315 terram,
1963 4262 2003 4330 qn

1260 4339 1443 4412 remittatur
1466 4335 1551 4429 Casa
1576 4335 1745 4426 lrlaursses
1772 4343 1821 4409 Et
1838 4333 1939 4408 aliam
1957 4355 1986 4405 te
2097 4338 2110 4351 '

1261 4467 1329 4514 ram
1343 4490 1355 4523 ,
1390 4465 1448 4536 que
1481 4438 1550 4530 suit
1582 4441 1622 4512 de
1655 4437 1852 4520 Domitius,
1887 4461 1946 4534 que
1980 4472 1986 4502 e

1260 4539 1419 4627 atittflttm
1455 4539 1598 4613 vitatum
1636 4541 1733 4612 modis
1774 4541 1895 4611 unius.
1934 4544 1975 4609 St
2103 4530 2140 4571 ”⁹

1261 4645 1295 4715 in
1309 4643 1389 4715 rmul
1426 4641 1646 4734 seminationes
1678 4645 1718 4714 de
1752 4640 1868 4732 salulis
1901 4665 1970 4710 msa

1260 4771 1329 4818 rum
1353 4743 1498 4842 viginti.
1525 4749 1573 4819 Ee
1597 4743 1641 4832 ιβ
1665 4743 1744 4816 eirea
1769 4743 1888 4830 Casum
1909 4751 1968 4814 An
2038 4770 2064 4799 ι·
2096 4756 2114 4775 ·

1188 4137 1218 4208 E
1260 4135 1382 4222 usim
1406 4132 1454 4216 φ’
1480 4131 1668 4222 castanetum
1694 4129 1743 4212 ei*
1768 4134 1955 4232 quereietum
1971 4133 2017 4220 β-
2099 4224 2121 4249 ,
2183 4108 2193 4131 ’

1260 4843 1384 4929 bilem,
1418 4869 1514 4943 quarn
1547 4869 1616 4918 eum
1652 4843 1773 4943 integre
1807 4843 1874 4941 ipss
1907 4849 1975 4934 Caj·
2063 4844 2098 4875 ⁴
2153 4922 2174 4949 ⁸

1259 4953 1299 5022 aa
1323 4946 1408 5041 Casa
1432 4947 1609 5030 Artabile,
1635 4973 1698 5020 uns
1722 4946 1880 5030 leniente,
1913 4967 1976 5041 qua
2054 4929 2147 5056 ἰ

1259 5072 1328 5125 tum
1362 5051 1451 5127 mlo
1484 5045 1604 5126 illlum
1636 5050 1756 5134 hales,
1789 5067 1828 5122 ut
1861 5045 1897 5121 ln
1922 5073 1975 5216 arbee
2042 5070 2059 5099 ι

1922 5171 1967 5216 ιι
2049 5182 2062 5197 -

2159 5097 2201 5133 ,Ι
