4536 6064
349 444 387 499 s.
429 409 441 446 ²
568 421 941 511 nrsscurrrrn
989 423 1504 538 oorncrrnrcrrrr.
1695 431 1794 537 730

438 539 467 602 'e
513 561 659 638 quarem
697 567 826 614 manum
866 540 985 614 traditi
1015 546 1052 618 A
1090 541 1177 616 beros
1201 543 1408 616 dimittendos
1432 540 1561 615 dedere·
1580 540 1685 635 suet.
1713 539 1852 637 Accipe
1902 549 1905 556 '

514 663 521 676 ·
558 642 632 724 illi,
672 643 728 740 qui
767 665 823 740 per
856 669 1000 715 marum.
1089 644 1260 721 Chartam
1287 643 1421 745 ipsam.

594 746 690 816 dam
714 746 906 841 estrmed
940 745 985 816 li·

803 996 939 1088 sratres
968 996 1017 1084 da
1057 994 1303 1086 Voltisneria
1345 994 1584 1086 Gualternm
1614 1015 1859 1110 agnomento

873 1149 929 1208 rm
958 1115 1142 1206 libertate
1172 1119 1345 1227 donant,
1374 1125 1499 1204 Anno
1532 1147 1658 1230 ¹¹07·

839 1381 888 1424 ,ue
913 1354 989 1427 Tri·
1094 1405 1119 1444 „
1146 1353 1189 1426 ab
1215 1351 1400 1428 heredibus
1426 1350 1551 1426 nollris
1569 1353 1679 1426 ullam
1698 1373 1771 1424 non
1796 1345 1859 1422 bad

827 1457 895 1526 ione
921 1461 990 1528 De-
1037 1457 1066 1526 B
1095 1507 1119 1544 „
1148 1459 1226 1528 beas
1249 1451 1589 1554 reprehensionem,
1632 1475 1696 1524 nec
1734 1447 1859 1522 condi-

793 1554 881 1639 :fimo
905 1563 991 1628 Cer·-
1096 1607 1121 1646 „
1148 1553 1285 1630 tionem
1313 1553 1531 1654 Servitutis3
1569 1551 1626 1626 sed
1652 1571 1692 1626 tu
1718 1549 1757 1624 in
1784 1575 1861 1650 per·

770 1658 900 1731 alendas
925 1664 991 1729 Fe·
1097 1709 1122 1746 „
1150 1675 1326 1755 petuum,
1369 1657 1405 1728 lit
1453 1659 1596 1730 omnem
1632 1650 1860 1754 agnationem

734 1759 773 1858 'oi
799 1759 993 1842 Gualtero,
1097 1811 1122 1847 ,‚
1148 1759 1183 1832 &
1211 1757 1476 1858 ,ingenuitatem
1508 1759 1542 1828 δι
1579 1752 1861 1854 procreationem

709 1858 787 1940 tilio
812 1859 991 1957 quondam
1026 1921 1028 1926 .
1098 1911 1123 1948 „
1150 1876 1270 1950 tuam,
1295 1857 1319 1932 ss
1346 1856 1530 1946 habueris,
1555 1856 1594 1930 in
1618 1857 1720 1954 plena
1743 1856 1778 1928 δι
1806 1852 1862 1926 in·

683 1985 743 2050 ra,
770 1964 879 2036 Servo
905 1961 992 2062 juris
1099 1997 1123 2049 5,
1150 1975 1247 2060 tegra
1274 1975 1414 2033 maneat
1440 1957 1647 2038 Libertate,
1672 1953 1758 2028 ficut
1776 1951 1860 2044 illi,

370 2114 389 2149 ,
433 2064 447 2091 ’
606 2072 608 2076 ’
648 2114 653 2123 .
683 2061 749 2132 Dei
773 2063 898 2133 nemine
922 2071 992 2134 Rr-
1100 2111 1124 2150 „
1151 2060 1215 2159 qui
1242 2059 1280 2134 in
1308 2057 1498 2158 quadrivio
1523 2058 1562 2132 in
1597 2073 1760 2156 quartam
1787 2080 1862 2128 ma·

625 2159 714 2255 ajuge
737 2164 908 2244 Metelle,
942 2160 992 2249 φ’
1100 2213 1125 2252 ,,
1151 2186 1236 2235 num
1257 2160 1381 2236 traditi
1406 2161 1442 2232 δι
1469 2157 1634 2232 Amuntb
1653 2154 1738 2230 iasii
1758 2153 1861 2246 sunt,

615 2259 708 2351 filiis
728 2271 885 2358 quendam
906 2265 994 2338 Rai—
1101 2313 1125 2352 „
1152 2264 1211 2338 vel
1238 2259 1324 2336 ficut
1351 2259 1433 2350 illi,
1460 2258 1523 2358 qui
1551 2285 1611 2352 per
1636 2257 1780 2332 manum
1799 2259 1861 2332 Sa·
1882 2345 1885 2352 A

573 2385 627 2442 tae
662 2359 719 2457 qvi
740 2363 864 2459 ptcstffi
882 2365 994 2458 fiemus
1031 2357 1066 2428 C
1101 2361 1305 2454 „cerdonis
1343 2361 1438 2436 circa
1473 2359 1631 2434 sansium
1666 2360 1793 2432 Altare
1818 2354 1863 2431 ad

536 2514 544 2528 .
573 2467 658 2556 Lege
679 2463 793 2536 vicere
811 2471 994 2564 Langobar·
1101 2515 1127 2556 ‚,
1153 2464 1304 2540 Liberos
1331 2460 1566 2538 dimittendos
1591 2457 1732 2534 deduffi
1759 2454 1861 2534 sunt.

534 2557 754 2666 &domium
781 2564 993 2659 beresarserec
1101 2619 1127 2656 ‚,
1152 2565 1433 2664 Concessumque
1467 2560 1509 2636 lit
1535 2559 1605 2636 tibi
1640 2559 1683 2634 ad
1709 2558 1861 2659 gratiam

505 2661 576 2743 wi,
608 2665 765 2758 presentes
797 2667 994 2762 presentibus
1101 2719 1126 2757 „
1153 2685 1235 2742 tuae
1251 2664 1452 2742 Libertatis
1469 2688 1577 2738 omne
1595 2677 1695 2736 tuum
1716 2659 1866 2756 conqui-

467 2813 625 2836 .....
651 2766 697 2836 ed
721 2768 864 2838 mnium
888 2772 994 2840 eriere
1103 2819 1127 2856 „
1154 2769 1265 2856 llum,
1301 2765 1477 2864 peculiare
1512 2770 1598 2838 verb
1631 2781 1733 2852 tam,
1767 2759 1864 2861 quod
1963 2809 1966 2816 ·

424 2863 591 2947 nostrorum
613 2862 770 2956 penireie
800 2867 901 2962 peresi
931 2892 994 2964 pe·
1105 2921 1129 2958 „
1156 2893 1248 2942 nunc
1270 2866 1407 2958 babes,
1433 2866 1540 2964 quim
1559 2865 1598 2940 in
1619 2881 1721 2938 antea
1744 2861 1866 2961 acqni·

417 2957 526 3050 ”mlle
550 2961 594 3046 0st
619 2964 708 3034 robis
732 3014 743 3036 .
769 3015 778 3036 .
806 3018 816 3037 .
843 3015 853 3037 .
880 3017 891 3036 .
916 2980 995 3061 age·-
1065 3049 1067 3056 ¹
1105 3019 1131 3054 „
1156 2993 1232 3040 rere
1267 2967 1425 3064 poteris,
1462 2984 1502 3041 ut
1536 2962 1644 3042 iacias
1678 2961 1807 3039 exinde
1845 2989 1866 3038 a

356 3063 396 3132 de
422 3059 456 3132 ie
475 3061 529 3132 hac
548 3059 652 3152 setam
669 3057 716 3141 d*
736 3064 770 3135 ir
792 3065 904 3156 sutura
923 3067 994 3162 pie·
1021 3109 1026 3134 ι
1106 3117 1132 3154 ,,
1158 3063 1309 3164 presenti
1335 3068 1394 3140 die
1420 3085 1459 3138 tu
1485 3069 1521 3139 δι
1540 3065 1682 3142 beredes
1701 3064 1867 3156 tui‚·aut

343 3159 392 3241 (φ
425 3162 597 3234 maximam
630 3169 719 3259 apud
756 3167 995 3263 omnipotentem
1106 3207 1131 3255 ς,
1159 3163 1217 3240 eni
1246 3191 1310 3238 vos
1335 3163 1503 3238 dederitis
1530 3165 1606 3265 jure
1632 3165 1868 3264 proprietario

273 3262 409 3336 ,mirum
438 3263 591 3359 passimus.
630 3263 771 3362 eoiseqai
812 3271 995 3342 mercedem.
1034 3257 1068 3328 D
1108 3319 1133 3357 „
1158 3265 1333 3366 quidquid
1353 3264 1465 3340 sacere
1486 3264 1697 3352 volueritis,
1715 3263 1787 3350 fiee
1804 3291 1869 3336 ose·

236 3369 366 3460 ‚deoque
391 3389 445 3436 ater
479 3364 688 3461 suprascripti
719 3368 840 3438 domini
866 3365 915 3448 &¹
939 3373 997 3442 dr-
1107 3367 1144 3440 ri
1170 3367 1273 3456 restra
1297 3369 1346 3451 dy
1371 3367 1516 3441 heredum
1542 3363 1711 3454 solitorum
1745 3387 1869 3438 cortra-

227 3465 324 3540 mina
349 3485 407 3540 trra
435 3463 609 3553 statuimus
633 3487 667 3536 te
699 3471 908 3551 (scultetum,
942 3470 998 3567 qei
1104 3466 1265 3542 aridiore.

226 3565 574 3648 exacuminans»,
602 3621 627 3658 „
653 3572 800 3643 Servum
820 3570 907 3670 juris
932 3597 997 3666 no·
1157 3569 1283 3646 Atium
1309 3570 1344 3644 ir
1369 3572 1459 3644 dmi
1484 3569 1699 3645 Mesetderto
1714 3569 1755 3640 de
1772 3575 1871 3642 ttae-

227 3721 255 3762 „
284 3665 374 3756 liri,
409 3685 449 3741 ut
485 3668 614 3742 amodo
640 3695 659 3742 a
686 3669 837 3769 presenti
874 3671 932 3746 die
958 3672 997 3747 in
1108 3697 1214 3767 raro,
1233 3672 1398 3764 feliciter.

228 3824 256 3862 „
285 3785 392 3842 antea
425 3765 467 3840 fis
487 3768 636 3865 Liber,
676 3773 711 3844 dt
748 3771 928 3848 absolutus
954 3775 1000 3847 ab
1158 3775 1296 3871 Sigeum
1308 3773 1517 3871 suprascripti
1529 3771 1698 3871 gerrem,
1718 3770 1775 3870 qai
1791 3771 1872 3845 berc

229 3925 257 3964 „
285 3867 390 3942 omni
417 3868 563 3944 vinculo
598 3868 800 3947 servitutis:
844 3873 999 3948 Fulsreal
1109 3877 1263 3950 cenulam
1289 3875 1465 3948 Libertatis
1481 3873 1561 3966 fieri
1586 3877 1734 3972 regenit-

228 4025 257 4066 ,‚
285 3972 324 4044 δι
352 3969 517 4044 Amunth
543 3969 655 4047 sabina
681 3999 737 4048 es:
768 3973 882 4048 vitam
910 3975 1000 4050 sem·
1158 3977 1296 4072 Sigerum
1322 3976 1445 4064 sellium
1470 3975 1617 4050 Gualterr'
1642 3977 1682 4046 de
1702 3971 1873 4066 Valuisse-

229 4125 258 4167 „
288 4071 486 4171 perbene,
512 4074 548 4146 dr
575 4072 751 4174 integram
777 4074 926 4150 deducas
945 4075 997 4150 in·
1110 4077 1182 4157 rie,
1208 4075 1385 4149 Ribaldiri
1408 4078 1448 4149 de
1466 4073 1588 4150 nesae
1605 4079 1710 4148 Patrio
1723 4123 1872 4148 .....
1933 4111 1940 4120 ·-

229 4227 260 4268 „
288 4171 532 4272 genuitatem.
558 4177 607 4248 Et
625 4174 695 4249 tibi
720 4203 740 4250 a
764 4175 915 4276 presenti
942 4176 1000 4250 di'e
1034 4163 1066 4234 Ε
1107 4181 1148 4248 de
1173 4183 1363 4272 Spemne,
1397 4176 1586 4250 Amaldiri
1610 4175 1797 4256 Albium,
1822 4169 1872 4252 &⁹

231 4329 261 4370 „
290 4273 336 4347 de
354 4291 505 4370 quatuor
523 4273 595 4348 viis
614 4277 814 4369 ambulare,
839 4297 899 4352 aut
919 4303 999 4352 cum
1108 4279 1284 4358 esttalini,
1311 4275 1359 4356 όν
1384 4278 1510 4350 Gireili
1534 4283 1583 4349 de·
1599 4285 1782 4370 Ranzerr.

231 4430 261 4469 „
290 4401 365 4472 quo
401 4373 558 4455 habitare
594 4377 784 4468 volueris,
827 4379 1002 4469 liberam,
1162 4383 1235 4474 Ego
1260 4380 1432 4474 fregerius
1457 4378 1613 4452 Notarius
1634 4377 1727 4450 Secti
1744 4373 1874 4450 Palatii

230 4531 261 4572 „
291 4495 400 4573 atque
425 4474 669 4566 sirmiffimam'
686 4478 724 4551 in
751 4479 916 4554 omnibus
939 4479 1003 4552 ha·
1105 4479 1175 4578 posi
1199 4480 1354 4554 traditam
1376 4479 1507 4577 scripsi,
1534 4481 1578 4550 U
1602 4480 1698 4551 dedi.

229 4633 260 4674 „
291 4579 372 4650 beas
399 4577 629 4675 potestatem,
657 4581 693 4653 δι
720 4575 910 4682 congruam
938 4580 1000 4656 Li·
1162 4579 1303 4678 Spebiat
1328 4581 1461 4658 Charta
1497 4579 1582 4654 baec
1617 4577 1660 4654 ad
1695 4576 1871 4678 egregiam

230 4733 261 4775 ,‚
291 4680 487 4771 bertatem,
523 4697 563 4755 ut
589 4679 769 4771 diximus,
805 4683 905 4781 juxta
932 4685 1005 4758 Le·
1111 4682 1301 4756 Familiam
1328 4683 1371 4757 de
1399 4679 1639 4769 Vallisneria,
1675 4704 1766 4776 quae
1790 4677 1870 4774 qui·

234 4837 263 4875 ,‚
293 4805 399 4880 gem,
435 4807 498 4878 pro
524 4781 643 4858 anime
683 4782 794 4856 nostre
820 4785 854 4856 ἀ
883 4768 1027 4878 paren-l
1110 4783 1190 4858 dem
1214 4785 1377 4860 imultis
1397 4781 1550 4858 Saeculis
1569 4779 1607 4854 in
1629 4774 1786 4878 Regienli
1806 4775 1870 4852 Ci-

231 4937 262 4978 „
293 4902 371 4956 tum
408 4881 602 4958 nolirorum
638 4883 824 4974 mercede,
866 4887 899 4958 δι
929 4911 1003 4984 par·
1109 4884 1225 4958 vitate
1250 4905 1327 4960 tum
1355 4881 1512 4980 antiquis
1539 4879 1690 4970 Feudis,
1716 4897 1793 4954 turn
1818 4905 1896 4972 re·¹

233 5041 263 5078 „
293 5001 369 5058 tam
390 5009 453 5082 pro
476 5001 627 5081 quatuor
654 4983 840 5060 Librarum
860 4985 1004 5060 Medio·
1108 4983 1217 5082 liquis
1244 4983 1416 5082 spesiatae
1444 4981 1646 5056 nobilitatis
1678 4977 1870 5080 insignibus

231 5137 262 5184 „
291 5083 464 5162 lanensis.
489 5089 537 5162 Et
563 5111 677 5186 neque
695 5112 717 5163 a
738 5085 866 5182 nobis,
891 5113 1007 5188 neque
1109 5082 1236 5180 lineet,
1259 5089 1296 5162 dt
1322 5085 1381 5166 cui
1407 5081 1626 5188 splendorem
1651 5107 1746 5259 ιιιιιίξ
1771 5078 1869 5256 αὸὶάἱε

26 3056 47 3100 9
