4594 6070
435 369 521 451 ιι,
733 337 1126 459 nutritura:
1193 331 1668 430 mentiatur
1872 369 1963 438 ιι.

371 461 441 532 bete
462 453 688 555 pertinuit&
709 458 869 555 pertinet,
896 461 941 530 Θ·
964 481 1065 532 totum
1093 463 1137 532 (θ’
1176 463 1211 536 A
1252 485 1305 532 ras
1331 459 1464 553 ejicere,
1492 461 1537 530 θ
1561 462 1718 551 cruciare,
1744 457 1882 556 qualiter
1906 464 2021 535 voluer

371 580 743 759 {bisensis
767 560 987 760 ‘istil
1015 585 1137 761 {iiii
1252 581 1355 734 lle
1368 563 1697 756 ‘sil'l‘b'isi‘i’
1713 565 2019 762 ,insistit

372 789 462 856 nem,
496 789 591 860 qrarm
618 765 776 860 quandam
802 763 1036 854 Guaimorim
1072 769 1135 866 qui
1249 785 1383 859 ponere,
1412 767 1456 835 (u
1481 767 1565 862 quod
1587 765 1701 838 exinde
1737 763 1868 858 ejeblum
1887 764 2017 860 suerit,

371 864 540 966 patruelis
561 862 668 939 frates
676 865 885 964 suprascripti
902 867 1048 958 Ioannis
1062 873 1135 943 Co·
1252 865 1368 938 ibidem
1395 871 1562 958 reducere,
1600 871 1645 938 θ’
1679 866 1780 962 ipsam
1814 869 2019 964 Sepulturam

370 965 472 1040 mitis
496 963 590 1058 suit,
615 975 655 1040 de
670 987 740 1042 tuta
758 969 898 1054 Ecclesia
915 971 1053 1044 santra
1071 973 1137 1043 Dei
1251 971 1447 1061 resiaurare,
1474 971 1613 1064 qualiter
1637 969 1785 1040 meruerit
1807 966 1895 1065 jusla
1920 971 2020 1042 ratio·

370 1068 543 1140 Genitricis
569 1071 614 1138 (J
640 1071 763 1167 semper
798 1071 943 1169 Virginis
977 1073 1134 1163 Manae,
1251 1097 1289 1140 ne
1314 1070 1427 1165 absque
1452 1072 1538 1142 omni
1562 1071 1718 1144 datione.
1753 1073 1802 1142 Et
1827 1071 1917 1142 nulls
1941 1091 2022 1144 tent·

370 1191 466 1266 quarn
510 1169 668 1245 Domina
706 1171 923 1274 sichelgaita
968 1176 1135 1274 Princeps
1245 1191 1320 1265 pore
1345 1171 1409 1268 ipsc
1435 1178 1580 1244 Domnus
1613 1174 1754 1261 Albas,
1790 1169 1917 1266 ejusque
1946 1173 2021 1264 suc·

371 1269 522 1345 Proabic
557 1269 638 1364 sur,
673 1299 763 1372 quae
799 1279 902 1349 Uxor
926 1273 997 1350 fuit
1023 1303 1135 1375 quon·
1249 1268 1390 1366 cessores,
1427 1275 1472 1344 θ
1502 1295 1581 1372 pars
1608 1271 1793 1369 supradrili
1825 1273 2048 1360 monasterii.

370 1369 451 1446 dam
468 1371 619 1448 Domini
639 1375 809 1465 Iohannis
832 1377 1009 1474 Principis
1032 1382 1135 1452 Proa-
1185 1368 1212 1440 Β
1249 1399 1309 1444 nun
1331 1374 1484 1466 saciant,
1510 1377 1565 1446 vel
1584 1379 1688 1465 sacerc
1707 1373 1837 1465 saciant
1855 1375 1890 1446 in
1916 1375 2020 1472 ipsam

368 1471 424 1548 bii
451 1471 505 1549 lui
528 1479 552 1546 a
578 1479 654 1548 nobo
675 1477 866 1568 fundamine
898 1479 1066 1566 construere
1085 1481 1136 1572 sc·
1248 1477 1453 1570 sepulturam
1478 1477 1621 1574 aliquam
1656 1473 1934 1570 contrarietatem,
1965 1477 2020 1568 set

368 1573 413 1647 cit
439 1575 528 1649 intra
551 1577 633 1650 banc
654 1579 851 1676 praediblam
876 1582 1054 1656 Civitatem
1086 1583 1137 1652 in·
1243 1575 1366 1674 semper
1392 1578 1494 1674 ipsam
1527 1583 1732 1676 sepulturam
1766 1603 1834 1648 cunr
1869 1577 1941 1650 vice
1978 1579 2020 1650 de

369 1696 420 1748 ter
443 1705 532 1750 arura
558 1681 602 1750 δ’
627 1681 808 1770 muricino,·
842 1683 887 1754 (9¹
920 1687 960 1754 de
994 1684 1139 1756 amnibus
1248 1677 1309 1750 via
1328 1678 1391 1770 sua
1416 1702 1545 1755 mancat
1571 1681 1606 1754 in
1631 1679 1770 1752 dominio
1797 1679 1841 1748 Θ·
1863 1679 2019 1776 poteslate
2126 1755 2130 1768 ,

370 1781 463 1850 rebus
488 1781 660 1854 movilibus
686 1785 731 1854 (9⁹
757 1784 974 1856 immovilibus
999 1785 1136 1880 ejusdem
1250 1778 1346 1864 isius
1373 1780 1489 1873 Gisolfi
1523 1783 1568 1854 (θ’
1602 1785 1748 1856 heredum
1785 1778 1855 1874 ejus
1889 1789 1934 1856 ad
1963 1781 2021 1872 sa·

370 1879 530 1966 Ecclesiae
556 1881 643 1954 intra
668 1883 749 1958 banc
772 1886 952 1957 Civitatem
990 1886 1035 1956 θ’
1053 1887 1138 1977 soris
1247 1884 1391 1954 ciendum
1414 1890 1455 1954 de
1480 1913 1518 1958 ea
1542 1887 1627 1980 quod
1660 1883 1842 1956 coluerint.
1879 1887 1930 1954 Et
1959 1904 2019 1980 per

369 1980 487 2077 ubique
508 1982 762 2078 pertinentibus,
788 2013 856 2057 cunr
873 1987 1038 2078 omnibus,
1057 2013 1137 2082 quae
1247 1986 1500 2056 convenientram
1527 1986 1592 2080 ipse
1617 1984 1758 2075 Gisolsus
1776 1979 1866 2076 jussu
1898 1983 2019 2078 supra·

368 2079 460 2156 intra
484 2082 560 2174 uae,
586 2087 668 2181 quad
691 2107 729 2157 ut
751 2087 875 2158 dinam
900 2087 969 2178 esi,
995 2089 1135 2185 optulit,
1240 2081 1355 2179 scripti
1380 2085 1501 2156 Domni
1525 2087 1671 2160 Abbatis
1691 2083 1849 2182 guadiam
1882 2087 2018 2156 Miran-

251 2235 255 2238 -
363 2181 466 2276 sunt,
484 2183 661 2284 cunblisque
672 2186 744 2281 suit
758 2190 985 2286 pertinentiis,
1006 2191 1050 2261 (θ’
1067 2217 1136 2264 cum
1244 2186 1285 2254 do
1311 2189 1472 2260 Maurum
1494 2210 1552 2285 pro
1574 2209 1668 2284 parte
1687 2183 1898 2282 suprascripti
1937 2190 2019 2256 Mo-

369 2286 440 2358 vice
456 2288 497 2358 de
512 2288 652 2382 plateis,
673 2291 718 2360 (t
733 2291 880 2383 auditis,
901 2292 946 2362 O·
962 2292 1029 2364 viis
1041 2293 1134 2388 suis,
1174 2295 1207 2368 C
1247 2286 1376 2374 naslerii
1399 2289 1519 2382 dedit,
1546 2291 1587 2362 Θ
1607 2285 1823 2388 fidejussorem
1847 2287 1879 2358 ei
1899 2307 1959 2382 pra
1983 2305 2019 2356 ea·

370 2387 416 2459 (θ’
439 2415 510 2462 cum
528 2389 636 2476 simili
657 2393 799 2492 portione
823 2396 863 2465 de
888 2394 1032 2468 omnibus
1066 2422 1135 2466 ntu-
1243 2386 1370 2482 jusdem
1396 2391 1588 2478 Monaslerii
1610 2412 1703 2486 parte
1724 2389 1829 2482 posuit
1847 2387 2018 2482 Ligarium

368 2489 546 2566 niminibus
570 2521 608 2564 err
633 2493 710 2591 ipsis
734 2495 875 2583 Ecclesia
893 2498 937 2568 Θ
956 2499 1047 2570 rebus
1065 2525 1133 2570 con·
1247 2497 1424 2586 Cognatum
1444 2495 1539 2584 suum
1554 2491 1671 2582 filium
1695 2497 1853 2584 quondam
1872 2488 2015 2580 Marri,

341 2613 345 2620 ·
368 2591 564 2666 sinentibus.
591 2600 647 2666 Ea
672 2597 815 2686 rarione,
841 2617 879 2667 ur
903 2618 1002 2667 rarum
1021 2603 1065 2668 (ν’
1085 2601 1133 2667 ia·
1247 2594 1303 2686 qui
1328 2593 1516 2662 Burramile
1540 2591 1646 2662 diibus
1670 2591 1740 2680 esl,
1776 2589 1821 2658 θ
1850 2609 1910 2683 prr
1943 2588 2017 2685 ipsu

368 2711 492 2790 regrum
516 2695 598 2787 boc,
624 2697 707 2791 qscrd
733 2695 798 2790 ipse
821 2696 985 2788 Gisolsus,
1022 2720 1059 2768 nr
1077 2699 1131 2789 su·
1243 2692 1370 2786 guadia
1395 2693 1558 2788 obligavit
1576 2691 1614 2783 se
1639 2693 1684 2762 (9⁹
1702 2693 1778 2784 suos
1795 2691 1921 2762 heredes
1932 2693 2018 2782 sern-

365 2795 576 2893 prascriprum
602 2795 670 2887 esi,
707 2797 849 2892 optulit,
885 2797 1007 2892 semper
1028 2796 1073 2882 stt
1098 2798 1133 2867 in
1244 2815 1302 2888 per
1324 2791 1490 2884 defendere
1515 2792 1578 2889 ipsi
1594 2798 1726 2886 ,Damno
1759 2793 1912 2893 Abbati,
1948 2791 2019 2888 eju·

364 2894 517 2990 poteslate
551 2895 648 2992 ipsius
683 2895 803 2967 Damni
827 2898 973 2970 Abbatis
999 2898 1043 2969 U'
1062 2898 1130 2990 snc-
1241 2893 1320 2990 sque
1358 2891 1581 2989 Successoribus
1606 2898 1651 2964 (9¹
1673 2897 1821 2990 partibus
1840 2895 2018 2990 suprascri-

367 2993 509 3092 cessorum
530 2996 599 3090 ejus
618 2997 662 3066 Θ·
677 2998 819 3093 partium
832 2998 1042 3096 suprascripti
1057 3007 1130 3071 Ma·
1197 3080 1200 3089 Ι
1245 2996 1297 3090 pti
1323 2995 1514 3080 Monaslerii
1540 2997 1699 3091 integrum
1725 2995 1832 3085 illud,
1867 2997 1954 3091 quad
1979 2996 2016 3068 in

366 3097 524 3187 naslerii,·
550 3099 595 3168 (9¹
620 3098 684 3195 ipse
710 3105 853 3172 Domnus
870 3103 987 3172 Abbas
1006 3102 1048 3170 θ
1061 3102 1132 3192 suc·
1247 3093 1312 3190 ipso
1337 3095 1534 3183 Monasterio
1558 3097 1703 3194 optulit,
1734 3096 1820 3182 sicut
1838 3097 2017 3194 suprascri-

366 3195 487 3296 cessores
522 3198 611 3293 ejus,
648 3200 692 3269 (Ψ
713 3220 792 3296 pars
815 3199 1024 3298 suprascripti
1055 3205 1128 3272 Ma·
1172 3196 1206 3264 D
1243 3217 1336 3293 ptum
1372 3195 1436 3287 esi,
1472 3197 1508 3272 in
1543 3199 1629 3278 omni
1662 3199 1772 3272 ordine
1806 3199 1852 3268 Θ·
1884 3221 2014 3294 tenore,

367 3303 496 3390 naslerii
521 3303 683 3375 licentiam
719 3303 857 3374 babeant
890 3307 930 3372 de
964 3329 997 3373 ec
1026 3304 1131 3394 sarcre
1247 3302 1386 3394 qualiter
1409 3304 1625 3398 praelegitur,
1648 3306 1692 3374 ab
1708 3300 1853 3374 amnibus
1877 3302 2015 3374 bomini·

364 3405 448 3501 qnod
480 3405 663 3478 volueriut.
700 3409 842 3478 Tantum
877 3404 963 3476 omni
996 3413 1129 3496 Anna,
1246 3405 1323 3474 bus.
1351 3407 1400 3472 Et
1427 3402 1490 3498 ipse
1516 3405 1657 3496 Gisolsus
1681 3403 1843 3474 licentiam
1868 3404 2010 3495 tribuit,

365 3508 411 3577 (9'
434 3509 509 3581 dum
538 3506 602 3603 ipse
627 3505 767 3600 Gifirlsus
792 3507 939 3597 vixerit,
967 3506 1001 3578 in
1028 3510 1124 3582 Nati·
1246 3523 1282 3572 ut
1308 3515 1435 3599 quando
1469 3501 1534 3598 ipse
1559 3511 1703 3578 Domnus
1727 3505 1871 3594 abbas,
1908 3506 1953 3574 (t
1977 3532 2011 3575 e·

364 3609 469 3681 vitate
503 3607 712 3706 suprascripti
750 3609 884 3688 Domini
919 3607 1016 3692 noslri
1045 3609 1128 3702 Jesu
1242 3601 1298 3698 sus
1318 3600 1516 3700 succesores,
1544 3607 1588 3674 (J
1606 3625 1685 3701 pars
1704 3603 1916 3702 suprascripti
1933 3611 2012 3678 Mo·
2116 3625 2121 3636 '

364 3711 510 3799 Cbrisii,
546 3711 589 3778 (J
617 3710 649 3778 in
676 3708 798 3799 Pascha
823 3707 1072 3798 Resurreblionis
1097 3737 1127 3780 e·
1247 3704 1376 3792 naslerii
1410 3705 1593 3796 valuerint,
1625 3707 1808 3804 poteslatem
1843 3709 2009 3800 babeant,

360 3810 439 3906 jus,
463 3810 507 3878 v
526 3810 561 3878 in
579 3804 801 3902 Assumptiane
818 3807 956 3880 sannae
974 3811 1126 3904 Mariae,
1247 3807 1332 3880 illud
1358 3828 1413 3906 per
1441 3807 1477 3900 se
1503 3807 1692 3898 desendere,
1729 3809 1867 3906 qualiter
1899 3815 2010 3882 volue-

365 3909 430 4006 ipse
456 3913 600 3981 Domnus
624 3913 762 4000 Abbas,
781 3907 906 4006 esusque
928 3908 1124 4007 successores,
1246 3910 1341 3998 rint,
1369 3937 1436 3982 curn
1462 3911 1605 3982 amnibus
1629 3897 1859 3982 muniminibus
1885 3913 1930 3982 Θ·
1956 3939 2010 3984 ra·

364 4013 408 4080 &¹
429 4031 507 4108 pars
534 4009 744 4108 suprascripti
777 4011 969 4098 Monaslerii
999 4035 1056 4110 per
1091 4043 1127 4088 u·
1245 4011 1410 4102 tionibus,
1449 4035 1529 4108 quar
1566 4013 1606 4084 de
1640 4041 1674 4084 eo
1707 4013 1918 4100 ostenderint.
1959 4019 2008 4088 Et

363 4137 591 4210 numquamque
615 4141 653 4184 cre
679 4111 755 4210 ipsis
780 4113 1029 4200 Fesiivieatibut
1045 4117 1126 4191 diri·
1170 4123 1198 4192 E
1238 4113 1292 4204 sl,
1312 4113 1396 4199 ficu‘t
1415 4113 1561 4211 superius
1580 4115 1733 4211 scriptum
1760 4111 1830 4206 esl,
1856 4114 1920 4210 ipse
1947 4117 2009 4189 Gi.

360 4215 682 4407 cusnitit
704 4217 951 4390 :sutus
967 4221 1121 4392 nn
1238 4215 1340 4388 uu
1373 4214 1678 4415 trinu
1712 4243 1773 4390 n
1797 4219 2008 4392 ,surr

1079 4353 1089 4392 l
1116 4376 1125 4395 0
1575 4346 1582 4360 ⁰
1630 4353 1677 4408 a,
1990 4361 2007 4386 ι

363 4423 413 4489 Et
437 4419 523 4490 omni
556 4439 690 4513 tempure
722 4423 746 4490 a
780 4346 947 4492 mordoW&
977 4421 1125 4520 semper,
1243 4374 1337 4516 quani
1365 4447 1519 4491 removere
1543 4441 1601 4494 aut
1617 4421 1823 4493 contradicere
1843 4423 2006 4518 praesum·

363 4522 490 4616 quando
506 4520 688 4608 valuerint,
705 4522 886 4618 poteslatern
904 4525 1042 4598 babeant
1062 4525 1127 4621 ipse
1236 4522 1370 4615 serint,
1416 4544 1475 4619 per
1518 4523 1618 4620 ipsam
1653 4524 1811 4620 guadiam
1846 4525 2007 4622 obligavit

363 4620 504 4712 Gisolsus
529 4625 573 4691 Θ
597 4619 755 4715 bomines,
781 4649 856 4720 quos
872 4625 1056 4718 voluerint,
1082 4629 1127 4700 ad
1235 4624 1271 4718 se
1297 4625 1340 4694 (u
1365 4623 1434 4714 snas
1459 4627 1585 4696 heredes
1609 4649 1782 4722 conponere
1818 4625 1880 4723 ipsi
1905 4632 2005 4700 Dum·

364 4722 465 4820 ipsam
490 4723 660 4810 Ecclestam
683 4747 809 4824 pergere
825 4728 882 4798 vel
904 4725 1061 4824 dirigere,
1082 4730 1127 4799 Ψ
1242 4751 1282 4798 nu
1299 4729 1430 4800 Abbati
1452 4727 1577 4825 ejusque
1596 4725 1834 4822 successoribus,
1862 4729 1906 4797 (9¹
1926 4749 2006 4825 par.

362 4832 566 4924 sepulturam
586 4827 806 4920 sabricatam,
845 4856 940 4926 quam
975 4828 1040 4924 ipse
1064 4837 1125 4902 Ge·
1241 4829 1328 4900 tibus
1355 4828 1565 4926 suprascripti
1593 4829 1785 4918 Monaslerii
1818 4829 2006 4926 quingentos

362 4927 448 5000 nitor
472 4927 570 5028 ipfiur
594 4927 710 5022 Gisolfi
735 4934 769 5002 in
796 4933 879 5004 atrio
905 4929 1002 5028 ipsrus
1019 4935 1126 5006 Eccle·
1240 4931 1314 5004 auri
1347 4934 1474 5003 Solidss
1509 4932 1709 5020 conflantia.
1736 4933 1780 5002 (J
1798 4931 1883 5018 ficut
1910 4931 2007 5028 supe·

358 5027 425 5113 siae
451 5033 571 5126 babet,
596 5033 717 5133 aperire
742 5034 787 5105 Θ
811 5037 984 5122 mundare,
1011 5035 1055 5108 Φ
1074 5035 1126 5127 sa·
1241 5034 1309 5106 rius
1338 5034 1495 5134 scriptum
1534 5033 1577 5124 esl
1609 5035 1801 5132 adimplere.
1840 5037 2007 5127 Verumta-¹

1881 5159 1954 5230 meet
