4592 6066
430 390 514 473 arr
708 283 1124 476 nvrrourr:
1182 351 1657 450 nanrrnavr
1792 377 1945 498 ‚360

368 529 397 570 „
422 503 492 573 qne
517 472 662 574 imperii
689 502 820 552 nomen
855 481 998 576 palam,
1032 477 1128 555 intra
1167 479 1200 550 A

367 629 396 669 ῃ
424 597 543 654 temen
568 576 742 656 terminon
769 578 979 671 exercendi,
1006 579 1049 652 ab
1077 579 1126 680 ip.

366 729 396 769 ‚,
421 677 463 753 lis
484 680 723 760 intermissum
748 683 944 782 numquam
969 681 1095 757 luisse.

523 841 575 908 De
601 815 815 924 Habitantr'ae
841 837 978 910 Feudu.

422 991 590 1080 „Pauca
625 990 727 1064 nobis
762 993 834 1091 ‘jam
870 988 1018 1064 dicenda
1052 985 1132 1060 sunt

369 1145 398 1186 „
425 1090 613 1164 defendo
640 1091 891 1164 Habitantiae.
928 1091 1133 1165 Tenebatur

371 1193 458 1288 „ir
498 1193 681 1283 Feudum,
722 1192 779 1266 cui
815 1192 1023 1293 affignatum
1060 1190 1129 1264 sue·

1350 531 1448 624 Quod
1472 532 1669 604 Patriarchis
1694 533 1891 610 Habitantia
1928 593 1932 598 -
2000 540 2005 549 ¹

1436 633 1561 730 semper
1579 633 1651 730 effer
1668 657 1799 732 aperta.

1293 835 1318 874 „
1345 785 1575 859 Mccxcv.
1612 803 1740 884 quarto
1777 788 1857 864 ldur
1893 787 2005 882 Iulii,

1241 933 1268 974 ‚,
1297 885 1528 959 Pertholdum
1554 887 1833 982 Tricanensem,
1859 890 2005 964 nomine

1221 1014 1268 1075 ·‚,
1294 987 1431 1060 tutorio
1468 991 1652 1087 Nepoturn
1679 1017 1723 1066 ex
1760 990 1867 1066 fratre
1902 990 2007 1066 relert

1206 1129 1208 1134 ·
1243 1139 1268 1176 „
1294 1085 1389 1160 idem
1428 1091 1608 1164 Walterus
1648 1091 1840 1168 consessum
1882 1091 2007 1184 tuille,

1244 1239 1268 1278 „
1295 1187 1452 1262 Feudum
1493 1190 1652 1266 Morucii
1690 1195 1713 1266 d
1753 1193 1787 1266 se
1827 1195 1928 1270 luisse
1968 1195 2009 1271 ed

372 1353 400 1392 „
427 1312 508 1384 rat,
544 1293 765 1368 inhabitare.
802 1293 860 1366 Est
884 1294 979 1367 enim
1007 1294 1050 1367 ab
1076 1293 1132 1366 ha·
1244 1339 1270 1378 „
1296 1289 1503 1366 conditione
1528 1291 1747 1393 susceptum,
1784 1314 1824 1370 ut
1853 1294 2008 1370 Patriar·

372 1454 400 1494 ‚‚
426 1393 559 1468 hirando
583 1395 792 1469 deduslum.
829 1395 935 1491 Quod
962 1394 987 1468 sr
1014 1391 1132 1469 aedili·
1170 1382 1197 1452 Β
1245 1441 1269 1478 ,,
1297 1389 1381 1466 chae
1415 1394 1451 1466 δι
1484 1393 1733 1470 successoribus
1773 1423 1813 1470 ac
1854 1395 2007 1472 Nuptiis

372 1556 400 1595 „
427 1497 493 1570 ciis
519 1496 651 1570 nudum
678 1497 902 1598 contigisset,
938 1513 999 1572 aut
1033 1495 1132 1570 inha-

372 1655 400 1696 „
426 1597 577 1699 bitabile
612 1597 714 1672 ruina
750 1599 861 1700 postea
887 1595 1133 1698 repraesentas.

373 1758 401 1797 „
427 1698 500 1792 set,
527 1700 547 1772 l
573 1698 811 1776 fundamentis
835 1701 983 1776 debebat
1007 1699 1131 1774 instau-

375 1859 401 1899 „
423 1827 529 1894 rare,
571 1805 629 1876 vel
672 1803 827 1903 collapsa
868 1829 1052 1902 reparare,
1094 1817 1135 1876 ut

375 1961 401 2000 „
428 1904 662 1979 Habitantiae
695 1905 852 1980 Feudurn
888 1905 963 1979 suas
994 1898 1135 2002 figendo

376 2063 402 2100 „
430 2005 523 2080 sedes
557 2033 640 2080 curn
675 2007 886 2106 conjuge&
913 2005 1036 2080 liberis
1070 2030 1135 2102 pro

376 2107 595 2202 „vocabuli
632 2109 852 2210 proprietate
887 2106 1038 2182 retinere
1073 2105 1134 2178 ho·

376 2267 403 2304 „
429 2209 614 2286 nellillime
654 2209 787 2310 posl'et.
826 2213 904 2284 Hac
944 2207 986 2282 de
1023 2206 1137 2282 caussa

377 2369 403 2406 „
432 2312 572 2386 Praelul
594 2311 748 2412 expresse
772 2309 946 2385 interdum
972 2311 1137 2409 jubebat,

377 2469 404 2506 „
430 2413 567 2488 indifld
602 2415 713 2514 poeni
748 2411 906 2487 refidcret
941 2411 1045 2486 inid
1080 2439 1136 2514 ge·

378 2569 404 2606 „
432 2541 496 2590 nus
523 2515 672 2608 Feudis,
699 2515 762 2615 qui
790 2513 992 2614 accepisset.

477 2669 597 2763 Quod,
623 2688 659 2738 ut
685 2667 886 2756 babitarent,
913 2667 1043 2740 daretur

556 2769 770 2841 Habitantr'ae
795 2767 959 2839 Feudum.

429 2973 455 3012 „
481 2921 728 2994 MCCXCIV.
756 2883 992 2992 decimonono
1008 2919 1139 2992 Calen-

376 3078 404 3116 „
431 3023 491 3095 das
511 3020 748 3121 Septembris,
774 3020 942 3108 Jacobum
968 3016 1083 3090 filium
1103 3019 1139 3090 u

377 3179 405 3218 „
431 3141 613 3221 tamqnam
623 3139 886 3219 procuratorem
899 3115 1139 3192 NicolaiTri·

377 3279 404 3320 „
430 3221 581 3311 canella,
615 3247 656 3294 ac
683 3215 912 3317 Ropulplrum
947 3216 1052 3318 ipfiua
1086 3223 1140 3308 Ja-
1180 3209 1211 3277 D

378 3383 405 3422 „
432 3324 513 3400 cobi
549 3321 716 3412 fratrem,
752 3317 794 3394 ad
821 3317 1044 3396 viridarium
1080 3320 1141 3396 sub

378 3484 405 3521 „
431 3425 576 3526 Oppido
604 3428 806 3524 Faganeae,
832 3419 928 3518 quod
955 3421 1001 3496 ell
1027 3421 1138 3498 Habi·

379 3585 404 3622 „
432 3528 567 3602 tantiae
593 3524 773 3614 Pendutn,
797 3523 839 3596 eal
865 3526 942 3622 lege
969 3522 1139 3598 adscitum

380 3685 405 3724 „
431 3632 609 3701 Walterus
649 3625 831 3711 declarat,
875 3641 919 3696 ut
951 3622 1045 3696 intra
1080 3649 1138 3696 an.

381 3785 406 3823 „
433 3755 517 3800 num
536 3722 687 3796 &diem
715 3721 916 3813 fabricasse,
944 3721 1056 3818 possea
1080 3723 1138 3798 ba.

380 3883 407 3921 „
433 3827 546 3900 bitare
581 3822 746 3918 deberet3
785 3820 1024 3898 Patriarcbarn
1052 3825 1138 3900 alio.

378 3984 406 4022 „
433 3925 496 4026 qui
536 3921 647 3998 Feudi
687 3919 897 4015 ablatione,
936 3949 980 4000 ac
1017 3924 1139 4002 Libris

379 4085 405 4124 „
434 4024 724 4128 quinquaginta,
766 4051 854 4126 quaa
897 4051 962 4124 pro
1005 4027 1140 4104 mulsia

378 4187 406 4228 „
432 4129 679 4222 conllitnerat,
705 4126 989 4206 vindicaturum.

432 4229 1139 4430 nltlssllzll‘nlinl‘”lll

382 4390 407 4429 ss
959 4388 971 4426 9

380 4489 407 4528 ,,
432 4433 688 4524 innotesceret,
708 4435 902 4510 Vallallum
922 4433 1139 4532 perseveran-

380 4552 488 4630 „ter
521 4533 699 4624 incolere,
736 4536 793 4610 vel
830 4553 870 4610 nt
903 4534 968 4614 sibi
1003 4534 1139 4634 suisque

379 4690 407 4732 „
432 4633 615 4738 praestaret
650 4632 798 4735 hospitii
825 4635 964 4729 vicem,
997 4639 1140 4735 quoties

379 4796 407 4836 „
432 4735 670 4842 perl'atriam
694 4735 765 4814 iter
788 4736 966 4829 lacerent,
990 4756 1076 4832 aut,
1100 4757 1141 4814 ut

379 4899 408 4938 „
431 4867 512 4918 reor
537 4839 679 4941 potius,
714 4865 762 4916 ne
797 4839 878 4940 quia
902 4839 1026 4916 clausa
1061 4867 1139 4936 por.

379 5001 406 5038 „
431 4945 509 5036 tis,
535 4943 698 5046 clamque
722 4941 948 5018 communito
973 4941 1140 5044 Oppido,

379 5093 406 5138 ‚‚
431 5047 590 5145 aliquam
612 5045 820 5124 rebellionis
838 5043 1138 5122 machinationem

381 5198 407 5236 ‚,
430 5165 569 5226 tentare
597 5148 725 5249 pollet.
881 5183 883 5188 ¹

1245 1543 1270 1581 „
1296 1517 1490 1590 numquam
1509 1521 1582 1568 non
1602 1516 1784 1598 apertum,
1809 1497 1883 1573 non
1908 1524 2008 1599 prae·

1246 1645 1271 1683 „
1298 1614 1459 1694 paratum
1486 1597 1590 1673 esset.

1246 1849 1271 1888 „
1296 1698 1843 1903 rrrlltlsslllrlltll'l:
1870 1705 2011 1882 {litt
2061 1815 2063 1819 ·

1247 1949 1272 1989 „
1297 1925 1356 1974 me
1382 1900 1550 1980 manserit
1575 1904 1781 1980 succedendi
1817 1908 1872 2005 jus
1898 1931 2007 2006 aeque

1247 2053 1272 2090 „
1297 2027 1338 2074 ac
1357 1999 1396 2076 in
1415 2002 1731 2097 Ministerialibuc,
1754 2005 1929 2106 exemplis
1957 2005 2011 2080 su·

1248 2155 1272 2194 „
1300 2101 1482 2204 persedeo,
1508 2103 1598 2180 solas
1624 2126 1720 2184 ratus
1747 2109 1899 2182 Henrici
1925 2109 2012 2182 val·

1263 2204 1495 2294 ,vasonenlrs
1536 2205 1677 2300 Filiae,
1714 2235 1804 2310 qnae
1838 2209 1878 2284 in
1908 2208 2011 2286 ‘vivis

1173 2305 1204 2376 C
1248 2258 1275 2398 ἰ,
1300 2307 1409 2410 sunt,
1449 2309 1548 2384 telles
1588 2308 1878 2411 locupletiffimas
1917 2311 2009 2388 esse.

1249 2417 1388 2498 „Non
1430 2411 1528 2486 enirn
1571 2413 1690 2486 minus
1730 2413 1768 2486 in
1816 2411 2010 2494 Valvasoni

1250 2561 1274 2599 „
1302 2512 1443 2601 Feudo,
1477 2513 1572 2608 quod
1599 2516 1890 2588 MCCLXVllL
1913 2511 2012 2588 obla.

1250 2665 1274 2700 „
1302 2641 1349 2687 vo
1374 2612 1456 2686 Idus
1476 2613 1714 2710 Septembris,
1740 2612 1917 2704 Jobannes
1936 2619 2012 2690 Lu·

1250 2767 1273 2802 „
1302 2714 1401 2813 picus
1417 2711 1523 2786 docet
1542 2713 1778 2790 Habitantiae
1795 2715 1883 2808 esse,
1903 2718 2012 2815 qulm

1249 2867 1273 2906 ,‚
1299 2817 1340 2892 in
1359 2813 1501 2912 reliquo
1520 2833 1684 2911 paternae
1704 2815 1911 2892 hereditatis
1928 2844 2014 2892 con·

1251 2969 1274 3004 ‚‚
1301 2914 1505 2990 slantiffime
1532 2913 1570 2986 in
1600 2915 1681 3012 ipsrr
1708 2917 1870 2991 affinium
1896 2919 2012 2998 oculis

1251 3067 1275 3104 „
1301 3019 1336 3088 &
1364 3012 1493 3112 absque
1510 3015 1745 3092 controverfia
1774 3018 2013 3116 perseverant.

1252 3115 1413 3206 „Libet
1441 3114 1606 3190 srmiliter
1637 3117 1683 3192 de
1717 3118 1898 3218 prohibita
1928 3145 2014 3195 ven.

1252 3217 1442 3308 „ditione
1480 3216 1520 3292 in
1566 3217 1722 3292 medium
1763 3219 1899 3322 aliquid
1939 3247 2012 3302 non

1252 3371 1279 3410 „
1306 3318 1448 3410 afferre,
1483 3317 1547 3394 nifi
1583 3321 1677 3418 qnod
1708 3325 1890 3399 Antonius
1925 3327 2013 3400 For·

1255 3475 1280 3512 „
1306 3440 1401 3494 antes
1420 3425 1749 3496 MCCCCXXIX.
1786 3441 1912 3521 quarto
1943 3429 2015 3502 Ca.

1255 3575 1279 3614 „
1306 3521 1426 3596 lendan
1451 3523 1539 3612 Julii
1565 3523 1609 3595 ab
1637 3525 1778 3616 inclyto
1805 3529 1933 3599 Senatu
1952 3553 2015 3600 cu·
2072 3567 2074 3572 ·

1254 3675 1278 3713 „
1305 3621 1438 3722 jusdam
1466 3622 1696 3698 Habitantiae
1723 3621 1926 3700 alienandae
1951 3653 2014 3700 ve.

1225 3734 1277 3816 .',‚
1304 3724 1401 3798 niam
1429 3721 1614 3822 exoravit3
1647 3749 1755 3822 quum
1784 3742 1904 3801 tamen
1931 3727 2012 3830 ipsis

1252 3879 1277 3918 „
1304 3823 1649 3914 constitutionibus,
1671 3851 1755 3922 quaa
1775 3831 1901 3902 Marco
1917 3833 2014 3904 Dan.

1253 3982 1278 4020 „
1303 3927 1389 4002 dnlo
1437 3923 1591 4000 Pracsrde
1627 3929 1866 4027 vulgaverat,
1906 3935 2012 4030 paulo

1252 4083 1277 4120 „
1305 4027 1483 4126 postquam
1517 4025 1654 4102 Patriae
1682 4029 1854 4130 imperare
1880 4032 2014 4131 coepis-

1253 4185 1278 4222 „
1305 4129 1378 4218 set,
1413 4129 1552 4201 nullum
1587 4129 1695 4212 feudi
1722 4157 1830 4232 genua
1864 4131 2015 4208 interdi-

1252 4287 1276 4326 ,‚
1303 4231 1400 4304 slurn
1420 4231 1524 4322 esset,
1551 4232 1751 4308 vetitumve
1769 4233 1935 4308 alienari.
1956 4239 2011 4310 Ex

1252 4389 1277 4427 „
1304 4333 1461 4407 moribus
1486 4347 1606 4406 autem
1634 4334 1846 4408 Habitantia
1870 4333 1912 4409 sit
1937 4336 2014 4410 sna·

1252 4491 1277 4528 „
1305 4435 1387 4526 via,
1428 4453 1468 4510 ut
1503 4439 1581 4510 Leo
1615 4435 1658 4507 de
1693 4435 1931 4512 Monteniano
1966 4443 2013 4512 E·

1251 4593 1277 4629 „
1305 4563 1418 4636 ques,
1454 4536 1513 4612 cui
1549 4535 1783 4612 Tricesimum
1819 4565 1863 4612 ne
1889 4541 2012 4630 abeat,

1252 4693 1277 4732 „
1304 4638 1527 4732 ablanditur,
1553 4637 1738 4712 Cassacum
1766 4659 1889 4714 contra
1916 4641 2012 4714 sron·

1252 4795 1278 4834 „
1303 4758 1378 4815 tem
1403 4739 1631 4842 exporrigit,
1656 4761 1698 4814 ut
1725 4739 1758 4816 se
1783 4739 1934 4816 revisat.

1405 4899 1457 4967 De
1492 4895 1600 4965 feudo
1625 4893 1861 4982 Mirariserr'nlr'.

1223 5043 1224 5046 ¹
1304 5099 1329 5138 „
1364 5043 1601 5120 Ministerialc
1621 5043 1820 5138 feudum,
1859 5038 1956 5142 quod
1992 5047 2014 5120 b

1252 5203 1279 5241 „
1306 5149 1490 5238 ministerio
1534 5165 1788 5250 nuncupatur,
1826 5173 1899 5221 non
1937 5147 2017 5324 sm

1814 5305 1843 5344 „
1870 5275 1933 5325 can
1950 5292 1966 5316 ·
