4536 6064
230 479 374 646 tostis
404 563 465 644 vir
498 437 1589 692 eelebqrdirrsffibfsTdode{zilbhtdffiisfficdddiirium
1624 483 1883 657 uncidin.

230 673 347 748 Vitiis
383 677 541 752 sermon.
568 705 692 781 rocem
728 684 855 782 Lr'rtrlrrt
880 677 996 780 expli-

230 793 395 868 caturus:
439 776 610 856 nimirum
653 809 698 858 ex
740 809 781 857 ea
816 778 997 871 inserens,

231 879 353 948 liddae
380 882 505 953 Servos
542 884 740 960 Dedititios
765 883 888 993 fuisse,
929 883 998 957 hoc

233 977 302 1068 est,
350 981 383 1052 ui
409 981 640 1077 ingenuitatem
660 989 754 1081 [nen
776 987 881 1084 pretio
906 1011 998 1058 mnn-

233 1080 304 1176 eipa
329 1101 402 1156 ent.
437 1085 478 1156 In
505 1111 581 1164 eam
609 1117 751 1194 quoque
787 1087 998 1162 sententiam

235 1181 443 1260 descendisse
471 1187 583 1285 pollet
619 1190 876 1290 Du-Cangium
899 1189 998 1275 ¹vidi-

236 1309 336 1459 diuis
371 1286 430 1371 sed
464 1291 576 1366 nullis
612 1293 714 1368 bonis
749 1291 882 1368 tabulis
917 1317 999 1393 pro·

264 1413 302 1458 u·
324 1413 374 1462 rs.

1109 671 1291 746 decretum
1317 669 1413 762 suit,
1451 689 1491 746 ut
1516 673 1674 770 Pegensee
1699 697 1814 749 cureenr
1841 681 1886 750 θ’

1111 775 1191 844 duos
1214 774 1337 868 menses
1363 793 1464 846 tertre
1488 774 1681 876 unicuique
1708 775 1883 856 Ecclesiae

1112 873 1266 950 donent.
1311 880 1362 948 Et
1396 877 1480 948 inter
1519 897 1640 950 untum
1674 875 1723 958 (β’
1756 883 1885 982 uiginti

1111 977 1251 1049 bornines
1286 973 1421 1050 Nobiles
1445 975 1495 1058 &
1521 982 1695 1076 Ingenuus,
1728 981 1883 1069 fintiliter

1113 1076 1161 1158 (γ’
1187 1081 1301 1160 Lites,
1334 1086 1471 1152 Seruum
1504 1079 1551 1151 tt
1586 1080 1759 1156 asneillnnt
1784 1087 1883 1159 eidem

1113 1179 1270 1268 Ecclefiae
1294 1181 1463 1256 tribuent.
1500 1186 1599 1258 Haec
1636 1182 1688 1258 ibi
1712 1186 1804 1288 Cap.
1824 1209 1881 1284 ις.

1114 1287 1212 1359 Tum
1239 1287 1327 1386 Cap.
1365 1303 1422 1380 17.
1456 1284 1678 1378 decernitur,
1720 1311 1756 1360 ut
1781 1315 1885 1363 omnes

1115 1388 1279 1460 Decimam
1293 1407 1433 1575 partein
1461 1387 1659 1482 srrbslantiee
1684 1386 1733 1472 (θ’
1766 1389 1886 1466 laboris

288 1489 350 1564 Ad
384 1489 582 1570 referendos
617 1499 710 1572 Lites
745 1497 782 1572 in
810 1501 998 1574 Servorum
1040 1481 1070 1552 Β
1109 1491 1165 1584 sti
1208 1489 1355 1562 Eximit
1398 1491 1443 1560 <9⁹
1480 1489 1699 1564 Sacerdwsbvs
1746 1496 1884 1578 dotent.»

240 1589 380 1664 censum
397 1593 549 1670 adseram
564 1625 631 1700 ego
646 1603 763 1676 locum
777 1657 788 1694 ,
803 1593 865 1702 gui
882 1599 1000 1700 aptior

238 1689 379 1768 fortasse
418 1696 616 1802 videatur3
658 1729 703 1778 ex
744 1703 832 1778 Vita
881 1699 1002 1777 Sansli

237 1794 456 1874 Meinwerci
479 1801 646 1904 Episcopi
672 1803 958 1880 Paderborneufis
982 1807 1002 1876 b

239 1899 431 1983 Browero,
460 1904 670 1987 Leibnitio,
697 1905 944 1989 Bollandislis‚
964 1933 1007 1980 ac

240 1999 323 2074 aliis
349 1999 502 2076 editam.
530 2007 585 2080 lbi
612 2011 700 2107 Cap.
720 2031 776 2083 10.
795 2009 853 2084 seu
872 2033 935 2106 44.
954 2011 1005 2084 le·

242 2100 359 2198 gitur:
398 2110 524 2180 Durum
548 2109 700 2206 antiquae
712 2111 890 2182 irruituris
915 2114 1005 2210 Lite·

242 2227 317 2274 nunt
336 2201 520 2298 justitiam,
544 2229 601 2304 per
625 2235 742 2282 novant
765 2232 916 2307 paternae
938 2213 1006 2310 pie·

245 2305 325 2376 tatis
351 2308 512 2380 releuauit
533 2311 676 2406 gratiane
685 2341 708 2401 ,·
743 2313 949 2402 constituens,
985 2319 1007 2385 ὰ

244 2405 367 2478 etrier,
392 2410 625 2484 ..intererat
646 2415 694 2484 ,n
719 2411 754 2486 t,
779 2417 843 2488 ,ras
857 2417 1008 2514 ponsq...
1049 2393 1082 2466 C

244 2505 419 2603 neeeffarir's
445 2511 459 2610 (
470 2515 553 2610 qnod
576 2537 673 2590 antea
700 2541 762 2588 non
781 2515 910 2618 fiebat)
930 2539 1007 2589 tern-

240 2627 317 2706 pore
341 2613 464 2706 meffim
504 2618 558 2688 lta
597 2615 636 2690 in
671 2618 831 2694 editione
858 2615 1008 2695 Leibni-

243 2708 362 2788 tiana.
403 2719 457 2790 At
483 2717 522 2790 iu
551 2719 835 2817 P'apcbrachiana
862 2721 1010 2795 habetur

245 2815 415 2888 Litornrn.
442 2822 696 2892 Verumtamen
723 2838 833 2918 puto,
860 2841 933 2896 non
957 2821 1009 2894 sa-

245 2914 291 2988 tis
309 2915 594 2992 animaduertisse
611 2919 769 2992 eruditos
788 2921 908 3012 viros,
923 2922 1010 3017 quid

183 3065 185 3070 -
245 3040 366 3090 revera
392 3019 539 3092 Litorrrrn
565 3017 711 3092 nomine
738 3035 873 3094 veteres
888 3019 890 3026 ⁴
906 3019 1012 3121 figni-

247 3115 388 3192 ficarint
402 3143 416 3219 3
444 3116 615 3220 simulque
634 3121 835 3214 contendo,
861 3147 921 3196 eos
946 3123 1011 3196 mi·

249 3218 346 3294 nime
374 3221 573 3296 communis
599 3221 790 3298 servitutis
818 3225 902 3326 jugo
922 3222 1015 3324 pres-

249 3317 304 3394 sos
330 3319 451 3412 luisse,
479 3321 534 3396 sed
561 3323 703 3424 quidem
724 3325 843 3400 medio
861 3326 1013 3424 quodam

249 3447 374 3520 genere
409 3425 599 3500 Servitutis
635 3427 814 3526 obligatos
851 3429 1016 3503 exstitisse

250 3523 446 3608 Dominis,
472 3525 543 3601 stre
570 3529 767 3622 Patronis,
794 3533 916 3630 quoles
942 3529 1019 3604 sue-

251 3645 335 3700 runt
361 3623 403 3700 &
427 3628 534 3702 Aldii
560 3628 602 3705 in
629 3629 755 3704 Italia.
798 3632 892 3707 lnfra
918 3631 1020 3708 ride-

253 3725 392 3821 bimus,
427 3729 551 3804 Aldiis
586 3729 750 3832 impolita
787 3731 887 3809 suilse
913 3761 1020 3810 onera

254 3847 377 3902 contra
402 3831 639 3929 aequitatem.
668 3833 708 3907 Id
724 3859 866 3934 quoque
885 3833 1017 3911 stilum
1058 3873 1065 3880 ·

251 3928 391 4005 sortasse
411 3927 518 4008 suerit
538 3936 626 4008 Litis
656 3937 942 4025 Paderbprnensrs
969 3943 1018 4013 E-

252 4031 473 4132 piscopatus,
500 4061 590 4134 quos
616 4035 798 4148 propterca
820 4040 1017 4116 Meinwet·

1116 1615 1184 1665 tent
1209 1595 1359 1673 Nobiles,
1385 1595 1482 1688 qudrn
1507 1594 1645 1690 lugenti
1661 1593 1816 1680 steriliter
1841 1598 1887 1666 tl·

1119 1695 1220 1784 Liti;
1240 1694 1339 1788 juxte
1359 1700 1443 1792 quod
1459 1699 1549 1768 Dens
1574 1697 1741 1796 unicuique
1761 1697 1885 1770 dederit

1118 1795 1324 1884 Christiane,
1345 1817 1471 1894 partem
1497 1803 1567 1870 Deo
1591 1801 1753 1874 uident.
1790 1797 1887 1874 Heio

1120 1899 1212 1970 Lites
1237 1917 1332 1972 certe
1367 1901 1388 1970 l
1414 1903 1602 1972 Servorum
1625 1903 1740 2001 'vulgo
1774 1897 1885 1976 secre-

1121 2019 1178 2074 tos
1205 1997 1329 2074 vides:
1368 1999 1482 2074 immo
1508 1999 1651 2076 Liberis
1680 2001 1885 2077 bominibus
2012 2092 2015 2098 Ι

1121 2104 1174 2176 ita
1200 2101 1536 2203 iisubjunguntur,
1562 2116 1603 2178 ut
1628 2101 1668 2178 δι
1694 2104 1758 2206 ipfi
1785 2103 1888 2179 fimul

1122 2227 1201 2278 cum
1224 2201 1300 2278 illis
1320 2211 1456 2276 Servum
1477 2198 1518 2278 ἃ
1541 2207 1733 2287 Ancillam,
1758 2231 1797 2280 ac
1818 2211 1887 2280 De-

1122 2307 1235 2378 cimam
1258 2305 1422 2380 Ecclesris
1446 2307 1670 2382 contribuere
1695 2326 1887 2410 cogantur.

1124 2411 1219 2508 Ergo
1254 2406 1313 2481 llli
1340 2426 1402 2484 eut
1428 2430 1530 2510 egros
1557 2407 1797 2510 possidebant,
1826 2421 1888 2485 eut

1124 2507 1258 2590 sruilus
1298 2506 1351 2584 sui
1390 2509 1523 2585 laboris
1563 2509 1642 2585 suos
1681 2509 1885 2587 faciebant:

1126 2611 1219 2710 quod
1259 2611 1352 2684 veris
1392 2612 1510 2687 Seruis
1542 2611 1694 2688 minime
1726 2613 1888 2689 licebat.

1128 2717 1167 2786 ln
1204 2714 1317 2786 altero
1342 2711 1546 2814 Capitulari
1581 2715 1758 2790 Saronico
1786 2717 1890 2791 Auni

1128 2817 1384 2889 Dccxcvn.
1412 2816 1502 2916 apud
1530 2817 1716 2912 Baluzlium
1742 2820 1830 2918 Cap.
1855 2830 1890 2916 3.

1125 2911 1291 2989 statutum
1308 2914 1410 3000 luit,
1434 2919 1675 3016 mulieremque
1700 2921 1821 2994 Franci
1837 2925 1858 3016 J
1874 2964 1890 2975 -
1927 2988 1930 3002 ι

1113 3019 1265 3083 *cunctim
1290 3023 1405 3112 Legem
1430 3019 1557 3092 solidos
1584 3023 1660 3095 ΧΠ.
1686 3020 1811 3114 soluere
1835 3031 1892 3094 de-

1127 3117 1220 3196 lent,
1249 3113 1296 3186 ibi
1321 3117 1488 3188 nobiliores
1506 3126 1647 3194 Saxones
1668 3123 1795 3208 solidos
1814 3131 1916 3202 ΧΠ..

1126 3215 1263 3312 Ingenui
1302 3221 1340 3289 V.
1376 3217 1451 3290 Liti
1492 3221 1550 3292 W.
1589 3244 1796 3320 componant.
1836 3229 1893 3300 En

1127 3319 1232 3413 quim
1261 3343 1382 3420 parum
1410 3319 1454 3392 ab
1482 3321 1648 3422 ingenuis
1684 3321 1892 3406 hominibus

1125 3418 1252 3492 dillent
1278 3420 1384 3512 Lr'tr'‚·
1410 3418 1453 3495 ab
1479 3420 1526 3496 iis
1553 3427 1647 3500 cer'te
1674 3421 1827 3523 divers,
1855 3449 1893 3504 at

1125 3519 1227 3594 srmul
1254 3521 1364 3595 etiarn
1402 3527 1423 3598 d
1458 3525 1597 3618 Serols,
1633 3547 1783 3627 quorum
1824 3531 1892 3608 cri-

1126 3622 1224 3696 mina
1242 3621 1415 3700 redimere
1434 3625 1476 3700 ad
1498 3626 1675 3704 Dominus
1695 3628 1892 3732 sptslabat.

1128 3725 1308 3799 Praeterea
1334 3727 1413 3802 Tit.
1432 3751 1489 3827 14.
1509 3733 1598 3830 Cap.
1621 3755 1679 3828 ις.
1698 3732 1809 3840 Legis
1832 3737 1896 3810 Sa*

1127 3827 1218 3900 licae
1244 3827 1413 3905 habetur:
1440 3835 1484 3906 si
1509 3834 1581 3930 quis
1606 3831 1725 3910 Lidern
1748 3839 1892 3912 alienant

1127 3934 1163 4000 in
1198 3929 1381 4029 eonjugium
1409 3935 1601 4026 sociaverit,
1638 3933 1750 4016 MCC.
1791 3949 1892 4014 dene-

1126 4029 1288 4128 riis,·qtri
1307 4035 1437 4124 sariunt
1460 4037 1586 4108 solues
1613 4035 1718 4112 xllx.
1743 4041 1892 4140 culpabi-

239 4135 607 4237 eusalentosjuffir,
635 4142 1016 4241 quumoperamsutm
1058 4155 1088 4226 E
1126 4134 1170 4204 '¹⁸⁸
1206 4131 1385 4228 iffsm'·
1431 4138 1550 4238 Atqui
1591 4141 1766 4241 lflsslflsfflss
1807 4143 1891 4237 Vll,

252 4234 452 4312 consecrent
478 4258 636 4340 tempore
663 4241 802 4318 melfis.
831 4245 862 4319 li
889 4244 912 4318 st
941 4244 1017 4320 veri

252 4335 394 4415 luissent
433 4341 561 4433 Servi,
603 4344 721 4418 alendi
763 4367 862 4421 erant
889 4348 1018 4448 quovis

252 4456 433 4537 tempore,
475 4445 511 4516 dt
545 4445 746 4542 quamlibet
770 4469 913 4550 operam
942 4453 1018 4522 Do-

255 4541 356 4616 mino
392 4545 556 4639 praestare
583 4545 799 4641 debuissent,
834 4575 906 4625 uon
933 4557 1018 4626 verb

255 4659 415 4738 tempore
449 4651 589 4721 tantum
630 4647 764 4725 melsts.
801 4653 954 4728 Proinde
980 4653 1018 4728 iu

254 4745 492 4847 Archaeolog.
530 4751 850 4848 Teutonic.1.r'ti,
890 4757 1020 4829 Litrnes

254 4844 364 4922 iidem
393 4873 433 4921 ac
458 4851 547 4944 Laffi
571 4853 606 4924 δι
633 4855 776 4931 Liberti
809 4855 1019 4952 censentur,

254 4947 275 5024 d
299 4947 427 5042 Liffen,
452 4953 640 5028 Redintrre.
669 4957 728 5034 Ad
751 4956 835 5031 haec
855 4959 894 5033 in
909 4961 1019 5061 Capi-

255 5051 364 5130 tulari
384 5053 508 5129 Caroli
524 5057 580 5128 Μ.
590 5055 636 5129 ad
652 5057 840 5137 saxoniam
860 5059 1019 5160 spetian-

255 5169 292 5230 te
315 5155 418 5232 Anni
442 5160 860 5260 necutrumque
879 5165 902 5236 b
924 5163 1018 5241 Lab.

1128 4235 1314 4328 Ancillam
1355 4238 1508 4314 alienam
1557 4237 1620 4315 fibi
1659 4245 1892 4321 matrimonio

1116 4336 1298 4438 ·jungcns,
1340 4338 1526 4416 secundum
1564 4345 1697 4444 Legem
1739 4349 1890 4422 Sallcam

1128 4443 1254 4512 Servus
1280 4439 1519 4520 efficiebatur.
1545 4447 1640 4548 Ergo
1666 4445 1822 4526 diuersae
1848 4451 1892 4525 ab

1127 4541 1275 4614 Ancillr's
1313 4544 1411 4620 Litae
1444 4547 1605 4624 suerunt.
1650 4543 1745 4625 vide
1782 4549 1894 4627 etiam

1128 4641 1208 4718 Tit.
1239 4669 1299 4738 52.
1334 4651 1423 4752 Cap.
1452 4651 1556 4752 prim.
1592 4647 1745 4749 ejusdem
1783 4655 1892 4755 Legis
1928 4687 1933 4698 ⁸

1128 4750 1264 4824 Salicae
1290 4749 1382 4853 apud
1418 4751 1629 4832 Baluzium,
1666 4751 1782 4840 ubist
1820 4757 1893 4854 quis

1129 4857 1372 4948 ingenuerant
1397 4853 1622 4927 Lidutelteri
1647 4852 1751 4948 fidem
1782 4855 1894 4946 feeerit

1127 4957 1144 5052 (
1158 4951 1245 5028 idell
1269 4969 1319 5028 ut‘
1336 4952 1449 5030 hebet·
1467 4957 1588 5032 Gloffa
1604 4957 1754 5036 Codicis
1771 4955 1892 5032 Ellen-

1126 5056 1191 5137 fis,
1210 5053 1377 5153 fidejuffor
1399 5058 1583 5159 exstiterit-J
1620 5061 1664 5130 θ
1688 5053 1825 5133 nolrleir't
1845 5059 1892 5153 fi-

1127 5167 1199 5239 ten
1219 5157 1344 5252 saliam
1363 5159 1508 5254 solbere,
1534 5157 1755 5236 saturni!
1783 5164 1892 5260 eulpa·

1174 5261 1352 5336 Bbb2
1762 5267 1840 5336 m&
