4594 6070
316 393 396 475 ιιι
574 387 1080 477 urssnnrnrro
1140 379 1583 512 uuuccruu„
1690 508 1693 516 ,
1747 388 1829 470 κει

344 654 580 748 Investitura
611 657 735 748 Feudi
767 659 858 747 data
887 655 1081 770 Jacobino
1110 656 1159 744 de
1187 653 1372 744 Bruxatis
1401 655 1452 742 ab
1482 611 1624 740 Acone
1654 651 1804 742 Estensi

571 832 574 842 ,
612 783 651 864 u
682 782 938 868 Anconitauo
967 776 1228 888 Maenium,
1257 781 1538 888 Auroram.

256 1012 344 1200 IN
366 1013 486 1101 cuttu
527 1014 673 1087 nomine.
712 1022 815 1088 Anno
849 1015 1024 1102 Munstmo
1059 1019 1094 1091 A
1127 1010 1223 1105 „ad
1249 1009 1349 1088 sunm
1375 1008 1610 1086 honorem&
1637 1006 1764 1106 statum
1790 969 1894 1105 perfiss

334 1116 548 1200 Ducentesimo
574 1117 844 1212 „quinquagesimo
860 1124 1024 1209 Secundo,
1127 1169 1153 1207 „
1179 1141 1279 1208 cere,
1317 1111 1399 1188 five
1414 1113 1458 1187 ad
1484 1111 1649 1187 offertum
1676 1109 1895 1208 perducere,

257 1219 436 1291 Indisiione
462 1225 503 1294 X.
529 1241 662 1316 tempore
687 1219 867 1306 Innmenrii
887 1227 1023 1314 Papae,
1128 1271 1154 1308 „
1181 1243 1254 1292 non
1280 1213 1410 1292 faciam
1435 1213 1471 1290 ei
1500 1213 1710 1290 difficile&
1736 1201 1896 1312 impoffi·

258 1319 312 1391 die
339 1324 411 1393 VII.
443 1321 583 1394 intrante
608 1321 753 1417 Aprili,
792 1324 826 1392 in
853 1323 1022 1418 Episcopa·
1128 1371 1155 1410 ‚,
1181 1319 1283 1392 bile.
1320 1320 1399 1392 Imo
1434 1333 1475 1392 ut
1509 1315 1548 1390 id
1584 1314 1777 1416 perficiat,
1823 1309 1896 1383 five

256 1440 295 1492 ru
315 1422 504 1513 Ferrarius,
528 1425 745 1518 praesenribus
769 1424 929 1496 Domino
949 1429 1023 1497 Ste·
1129 1473 1154 1512 „
1182 1420 1226 1494 ad
1246 1419 1432 1494 essedum
1471 1419 1660 1518 perducat,
1697 1415 1788 1492 bont
1826 1409 1897 1486 fide

258 1521 377 1624 phano
415 1526 513 1595 Duce
548 1525 613 1596 Dei
644 1524 756 1619 gratii
792 1523 1024 1615 Sclavaniae,
1130 1547 1326 1624 „operam
1363 1521 1478 1594 dabo.
1505 1523 1553 1594 Et
1581 1518 1764 1608 Feudum,
1801 1513 1898 1618 quod

260 1623 422 1697 Domino
460 1627 584 1698 Murco
620 1626 734 1699 Ziano
769 1623 918 1699 Comite
953 1627 1022 1699 Ar·
1130 1677 1155 1714 ‚,
1183 1626 1202 1696 b
1229 1621 1328 1697 dieto
1352 1622 1513 1696 Domino
1539 1619 1749 1694 Marchione
1769 1636 1898 1708 teneo,

261 1723 386 1812 bense,
425 1725 584 1799 Domino
621 1725 763 1800 Isnardo
797 1726 948 1800 Domini
975 1731 1021 1799 Ο·
1130 1723 1366 1816 „intutum
1395 1726 1453 1798 vel
1481 1724 1519 1797 in
1548 1741 1711 1820 partem,
1748 1723 1806 1794 rel
1842 1719 1900 1820 ip-

260 1824 403 1926 pizonis
423 1826 761 1926 Malaspinse·filio,
782 1831 920 1902 Domino
938 1825 1023 1900 Mel·
1131 1879 1157 1917 „
1183 1826 1249 1901 sius
1271 1824 1401 1900 'teudi
1442 1823 1686 1898 conditionem
1716 1879 1727 1910 ,
1752 1823 1813 1898 ,ab
1832 1837 1838 1844 '
1854 1847 1898 1896 eo

261 1927 377 1998 liorino
406 1931 605 2024 Jurisperiro
638 1933 679 2002 de
714 1937 854 2021 Padua,
891 1933 1027 2003 Domino
1072 1895 1100 1965 B
1132 1981 1158 2023 ‚‚
1184 1931 1242 2002 vel
1279 1927 1386 2028 ipsius
1421 1925 1565 2002 Nuntio
1599 1925 1786 2025 requisitus
1824 1949 1899 1998 non

261 2032 493 2102 Bormanbaeo
527 2037 647 2127 Legum
682 2031 816 2104 Dossors
851 2033 895 2104 ti*
930 2033 1025 2106 asir's.
1132 2084 1157 2122 ,‚
1184 2030 1327 2104 celabo:
1366 2027 1443 2104 imo
1471 2027 1625 2126 expresse
1662 2027 1700 2102 id
1736 2025 1831 2125 quod
1858 2025 1899 2100 in

263 2131 374 2224 Ibique
412 2131 588 2204 Dominus
616 2137 697 2207 Azo
735 2135 800 2205 Dei
831 2135 946 2230 gratu
981 2137 1025 2206 E-
1133 2185 1160 2224 „
1186 2131 1343 2208 Feudum
1363 2150 1489 2221 teneo,
1510 2133 1545 2203 dt
1566 2128 1670 2229 ipfius
1690 2125 1900 2204 Feudicon·

262 2229 377 2304 stenfis
401 2233 437 2302 ἃ
465 2232 714 2306 Anconitanus
741 2235 908 2314 Marchio
935 2237 1024 2308 inve·
1134 2232 1360 2328 „ditionem
1388 2231 1640 2306 manifestabo.
1679 2235 1727 2304 Et
1763 2229 1902 2322 ficonq·

254 2331 358 2422 jiivir
383 2335 578 2424 sacchinum
612 2339 653 2406 de
687 2341 866 2428 Bracaris,
902 2339 1025 2434 Diony·
1134 2332 1311 2433 „tigerit
1338 2332 1462 2432 (quod
1490 2337 1587 2406 Deus
1613 2332 1775 2430 avertat)
1803 2329 1901 2430 quod

256 2431 343 2521 stum
383 2439 554 2506 Notarium
589 2435 659 2528 ejus
693 2445 846 2536 Nepotem
877 2459 936 2536 pro
963 2441 1026 2534 se,
1135 2489 1160 2529 „
1186 2462 1309 2510 rumor
1333 2435 1464 2533 aliquis
1498 2431 1656 2508 sonuerit
1690 2432 1729 2508 in
1756 2432 1901 2508 Civita-

262 2537 309 2606 Θ
344 2536 481 2608 Domino
515 2537 662 2609 Guidone
691 2541 732 2610 de
766 2542 942 2615 Bruxaris.
979 2547 1029 2614 Et
1134 2591 1160 2630 ,‚
1187 2555 1223 2613 te
1250 2537 1428 2611 Ferrariae
1454 2537 1513 2610 vel
1539 2533 1721 2625 distrisiu,
1747 2532 1902 2608 occasio·

262 2637 318 2711 boc
353 2636 391 2709 in
428 2639 530 2736 plena
564 2638 675 2712 Curia
713 2641 947 2716 Vassallorum
988 2645 1029 2713 de
1134 2665 1232 2730 „ne
1272 2637 1425 2737 alicujus
1467 2637 1566 2712 rixae
1606 2635 1664 2712 seu
1703 2634 1899 2710 discordiae

256 2739 317 2832 suo
343 2737 422 2810 rosso
441 2743 572 2830 Fectio,
600 2741 645 2812 D·
661 2767 764 2814 eorum
790 2744 930 2816 ratione.
958 2743 1032 2839 Qui
1067 2793 1161 2876 C„
1188 2756 1308 2814 motae
1334 2741 1392 2812 vel
1420 2738 1615 2830 movendo,
1635 2740 1693 2812 vel
1718 2737 1815 2836 quod
1834 2739 1902 2812 ali·

254 2841 433 2934 Jacobirus
476 2843 521 2912 D·
555 2841 728 2927 Dionysias
756 2844 954 2936 juranum
979 2843 1023 2936 fi·
1134 2895 1160 2933 „
1184 2868 1257 2940 qua
1270 2841 1349 2916 rixa
1364 2839 1471 2915 fuerit
1486 2840 1526 2915 in
1541 2838 1705 2916 Ciuitate
1720 2837 1900 2914 Ferrariae

262 2942 429 3012 delicerent
454 2944 553 3012 eidem
581 2945 717 3013 Domino
748 2947 934 3017 Marchim
958 2973 1025 3018 eon·
1134 2997 1161 3035 „
1186 2944 1246 3016 vel
1273 2941 1454 3034 distrisiu,
1474 2943 1517 3016 ad
1541 2941 1677 3017 dissum
1702 2941 1902 3016 Dominum

262 3060 318 3114 tra
342 3065 460 3112 omnem
486 3041 657 3114 bominem.
685 3049 789 3112 Terror
812 3045 903 3138 cujus
921 3045 1027 3134 sacra·
1139 3093 1165 3132 „
1191 3044 1531 3133 Marchionem,vel
1546 3045 1620 3144 ejus
1639 3045 1818 3120 Nuntium
1833 3061 1906 3118 tra·

264 3142 381 3214 mertis
413 3142 492 3213 rasis
517 3143 621 3234 ess„
649 3147 726 3242 Ego
762 3143 840 3238 juro
876 3143 918 3217 ad
955 3141 1028 3216 san·
1139 3193 1165 3230 ,‚
1192 3140 1273 3216 ham
1295 3167 1375 3214 cum
1396 3143 1502 3214 armis
1521 3146 1556 3214 ἃ
1578 3143 1647 3218 fine
1666 3145 1795 3235 armis,
1823 3147 1905 3220 nul·

266 3293 293 3337 „
318 3242 376 3316 &a
405 3243 472 3316 Dei
499 3243 720 3336 Errenesis,
755 3245 790 3315 δε
827 3244 1030 3343 promitto,
1140 3293 1166 3334 ,‚
1192 3242 1228 3314 la
1254 3239 1453 3340 exspesiata
1488 3241 1740 3339 requisitione.
1775 3249 1824 3318 Et
1858 3245 1904 3320 ad

265 3399 293 3440 „
320 3342 415 3444 quod
442 3345 485 3418 ab
514 3343 578 3418 bac
602 3271 694 3423 bora
717 3345 756 3420 in
783 3365 886 3420 antea
915 3344 1030 3420 fidelis
1141 3394 1167 3434 „
1194 3344 1417 3416 voluntatem
1434 3342 1585 3416 Domini
1605 3343 1904 3420 Marcbionisves

267 3499 294 3539 „
320 3473 381 3521 ero
408 3445 569 3520 Domino
596 3445 829 3522 Marchioni.
866 3452 943 3523 Nec
970 3473 1030 3522 ero
1141 3496 1167 3535 „
1194 3441 1247 3517 sui
1284 3441 1417 3518 Nuntii
1452 3443 1515 3516 ib'o
1539 3445 1574 3518 8<
1602 3443 1696 3518 stabo
1732 3471 1814 3520 curn
1849 3471 1904 3522 ar-

267 3601 295 3640 „
321 3548 359 3622 io
386 3547 534 3623 consilio
560 3573 625 3623 nec
649 3547 801 3624 trasiatu
828 3551 885 3623 vel
912 3548 1030 3642 sabio,
1141 3597 1167 3638 ‚,
1195 3544 1263 3620 mis
1282 3547 1318 3619 ἀ
1341 3543 1411 3618 fine
1430 3543 1559 3619 armis.
1587 3549 1664 3622 Nec
1683 3545 1726 3620 ad
1745 3547 1905 3646 aliquant
2025 3543 2029 3561 *

268 3667 362 3742 „ut
397 3651 510 3724 vitam
553 3650 674 3752 perdat
709 3670 771 3725 aut
807 3651 1030 3740 membrum,
1141 3701 1167 3740 „
1194 3667 1329 3748 partem
1357 3673 1437 3722 cum
1464 3647 1571 3722 armis
1596 3649 1655 3722 vel
1690 3645 1761 3724 fine
1795 3648 1904 3724 armis

270 3752 382 3842 „rel
422 3754 515 3826 mala
550 3753 717 3852 captione
752 3753 937 3852 capiatur,
973 3755 1031 3828 vel
1141 3802 1167 3840 „
1194 3747 1443 3842 traham,s1ne
1469 3749 1617 3826 licentia
1636 3749 1787 3824 Domini
1806 3754 1907 3824 Mar·

271 3897 307 3941 „·
323 3849 492 3968 injuriam
513 3854 668 3951 aliquam
691 3855 868 3955 patiatur,
896 3857 955 3927 vel
975 3855 1030 3928 de·
1142 3903 1168 3943 ‚,
1195 3851 1335 3926 ebionis
1354 3854 1412 3926 vel
1432 3848 1484 3926 sui
1507 3851 1661 3930 Nuntii.
1681 3855 1734 3927 Et
1753 3849 1777 3926 sr
1797 3877 1906 3954 quem

270 4005 297 4044 „
323 3970 532 4027 trumentum
575 3953 645 4030 five
683 3955 851 4031 damnum
886 3955 1031 4054 aliquod
1142 3951 1331 4046 „scivero
1367 3969 1490 4028 contra
1531 3953 1709 4054 praedista
1746 3955 1804 4028 vel
1839 3954 1907 4030 ali·

267 4106 295 4147 „
322 4053 361 4128 in
403 4054 547 4155 persona
584 4059 642 4132 vel
684 4059 786 4133 rebus
825 4057 1031 4150 substineat,
1142 4109 1168 4147 „
1195 4056 1289 4154 quod
1325 4054 1584 4154 praedisiorum
1620 4054 1754 4144 facere,
1789 4055 1905 4134 eidem

269 4193 295 4248 ,¹,
322 4157 381 4230 ves
400 4156 677 4233 diminutionem
706 4159 810 4234 sistus
837 4157 894 4257 seu
922 4161 1031 4234 hono·
1143 4211 1169 4248 „
1197 4155 1357 4230 Domino
1385 4154 1594 4232 Marchioni
1620 4158 1679 4230 vel
1713 4155 1776 4230 suo
1804 4160 1906 4232 Nun·

271 4311 297 4350 „
324 4258 373 4332 ris
398 4258 575 4334 incurrat.
613 4265 692 4335 Imo
729 4262 821 4336 bona
857 4261 924 4336 fide
950 4289 1032 4359 ope·
1144 4311 1170 4348 ‚,
1197 4257 1274 4348 tio,
1300 4256 1516 4354 quamcitius
1536 4274 1682 4358 potero,
1709 4256 1905 4334 manifesta-

271 4413 297 4450 „
324 4385 398 4434 ram
426 4360 545 4452 dabo,
581 4381 622 4436 ut
648 4361 883 4462 ipsiussiatus
909 4367 943 4438 δι
971 4363 1030 4438 ho·
1140 4360 1267 4452 .‚‚·bo.
1303 4363 1351 4434 Et
1377 4357 1402 4432 fi
1429 4377 1552 4434 contra
1579 4359 1757 4457 praedius
1782 4363 1841 4434 vel
1869 4389 1907 4436 a·

272 4515 297 4553 „
325 4487 391 4534 nor
417 4483 585 4563 augeatur
597 4489 610 4565 3
638 4467 673 4538 δι
701 4463 813 4564 ipsum
842 4465 884 4539 ad
913 4491 1033 4539 manu·
1146 4459 1322 4560 „siquod
1369 4459 1627 4560 praediDorum
1668 4460 1821 4554 secero,
1861 4489 1908 4538 ex

272 4562 516 4655 „tenendum
543 4568 578 4638 δι
606 4565 882 4642 conservandum
909 4567 1033 4642 statum
1075 4613 1104 4682 E
1145 4617 1170 4656 „
1197 4577 1291 4638 n'unc
1328 4561 1576 4664 spontanea&
1603 4565 1714 4640 libera
1741 4565 1907 4640 volunta·

272 4717 298 4756 „
326 4662 424 4738 suurn
452 4668 487 4738 sit
515 4665 709 4760 honorem,
730 4695 794 4769 pro
819 4667 956 4743 viribus
976 4668 1034 4742 ad·
1145 4683 1234 4758 „te
1270 4689 1326 4740 mc
1362 4663 1539 4745 amiffioni
1575 4665 1686 4741 Feudi
1728 4663 1907 4766 subjicio,

272 4821 298 4858 „
327 4768 474 4867 juvabo.
494 4772 695 4858 Secretum,
719 4769 815 4869 quod
833 4770 923 4845 mihi
939 4795 1034 4844 com·
1145 4821 1174 4859 „
1197 4769 1232 4842 δι
1259 4765 1352 4868 juri,
1388 4767 1484 4867 quod
1510 4767 1549 4842 in
1576 4766 1675 4842 ditto
1701 4767 1821 4842 Feudo
1847 4767 1909 4840 ha·

272 4869 462 4962 „miserit
502 4895 564 4970 per
606 4870 676 4964 se,
716 4875 774 4946 vel
815 4899 875 4970 per
916 4872 1036 4946 siteras
1146 4922 1171 4960 ‚,
1199 4869 1291 4960 beo,
1318 4896 1367 4944 ex
1389 4895 1482 4944 nunc
1509 4870 1704 4944 renuntio:
1733 4869 1785 4944 ita
1811 4864 1907 4968 quod

272 5025 298 5063 ‚,
326 4969 423 5064 suas,
444 4989 505 5049 aut
527 4973 728 5063 Nuntium,
756 4973 848 5050 nulli
869 4973 1040 5075 pandam.
1146 5023 1172 5062 „
1199 4969 1376 5045 Dominus
1403 4969 1570 5046 Marchio
1589 4969 1802 5046 austoritate
1828 4994 1909 5068 pro·

272 5076 434 5170 „Quod
469 5073 539 5151 erit
574 5075 609 5150 ei
644 5073 750 5152 facile
781 5077 839 5152 rel
874 5057 1066 5177 possibiles
1145 5123 1173 5167 „
1199 5069 1277 5172 pria
1301 5070 1395 5146 mihi
1430 5071 1523 5148 illud
1549 5069 1682 5148 auferre
1716 5065 1844 5244 posiist,
1870 5069 1908 5146 dc

1695 5225 1722 5266 „
1749 5194 1855 5273 uptus
