4550 6072
291 363 377 463 σος
592 345 960 440 nrssaarnrro
1015 342 1511 472 Qunrrnnrcrnn.

1728 360 1814 440 606

236 463 420 566 castigati,
460 464 550 566 apud
592 468 843 567 patientiorem
884 466 998 543 lenio·
1029 480 1066 548 A
1102 463 1273 540 tiffimom
1312 485 1428 540 tamen
1463 466 1505 540 ad
1547 461 1640 538 bunc
1680 489 1813 540 morem
1850 464 1871 534 ὲ

235 595 379 666 remque
407 567 631 655 Dominum,
658 571 827 672 majorem
863 567 926 644 fibi
963 597 997 646 a·

236 669 342 772 ge‘ndi
369 668 573 746 libertatem
600 673 807 770 conquirere
834 671 997 772 possunt.

237 775 375 846 Contra
400 769 489 844 olim
510 799 750 872 quaecumque
769 778 894 850 Servus
924 801 998 872 par·

238 871 410 962 fimonil,
452 875 625 970 negotio,
679 876 827 974 aliisque
865 875 999 952 artibus

239 975 473 1072 acquirebat,
517 977 676 1052 Domino
704 979 935 1076 acquirebat.
961 977 998 1052 Si

239 1102 327 1174 quos
354 1077 557 1176 procreabat
583 1077 701 1170 filios,
736 1083 771 1154 ἃ
808 1079 888 1154 istos
926 1083 998 1154 Do·

239 1177 342 1252 mino
369 1179 596 1274 procreabat.
624 1185 806 1274 Domum,
833 1179 999 1280 praedia,

1105 568 1226 640 medio
1244 567 1442 640 tollendum
1466 563 1671 640 confluxisse
1700 587 1787 665 puto
1814 569 1870 640 in·

1104 668 1227 744 tellina
1256 670 1375 758 bella,
1403 695 1491 766 quac
1529 671 1673 742 Saeculo
1700 667 1872 744 Chrislia·

1106 797 1171 846 nae
1198 775 1312 845 Acrae
1341 775 1402 843 xt.
1422 773 1457 843 δι
1478 767 1763 867 subsequentibus
1791 771 1872 846 uni·

1107 871 1240 966 versant
1270 871 1411 946 Italiam
1440 871 1658 958 concussere,
1682 872 1718 942 &
1744 871 1872 944 assum·

1108 993 1181 1049 tam
1209 977 1228 1046 a
1256 972 1429 1074 plerisque
1457 973 1612 1048 Urbibus
1641 971 1872 1070 Reipublicae

1108 1075 1285 1150 sormam.
1316 1079 1437 1150 Donec
1464 1075 1503 1150 in
1543 1073 1615 1148 sinu
1652 1072 1713 1147 suo
1749 1099 1872 1170 pacem

1111 1177 1216 1252 Italia
1243 1175 1413 1268 fovit,&
1444 1175 1504 1250 sub
1526 1175 1604 1250 unis
1630 1174 1784 1274 Regibus
1811 1189 1873 1248 aut

240 1304 280 1352 ac
306 1277 446 1368 officia,
473 1281 600 1376 quibus
627 1281 885 1374 destinabatur,
905 1281 997 1356 invi·
1112 1277 1306 1380 Augustis,
1332 1303 1525 1378 eorumque
1560 1275 1736 1352 Minislris
1771 1275 1873 1350 unita

239 1396 280 1452 to
307 1383 405 1454 Hero
431 1379 583 1456 deserere
610 1382 710 1458 nefas·
731 1383 765 1460 ei
792 1383 886 1458 suit.
915 1387 996 1456 Pec·
1037 1377 1066 1448 Β
1111 1381 1233 1472 stetit,
1260 1379 1284 1453 fi
1311 1407 1355 1456 ex
1391 1407 1460 1455 una
1491 1379 1593 1454 ¹Urbe
1628 1377 1666 1452 in
1702 1381 1873 1468 alteram,

240 1499 358 1554 cantes
395 1481 433 1554 in
471 1483 692 1575 ministerio,
729 1483 1000 1578 inobedientes,

240 1578 378 1680 fugaces
403 1581 627 1684 distringere,
653 1585 720 1660 hoc
744 1588 791 1662 est
816 1585 1001 1686 castigare,

241 1683 385 1782 proprio
406 1685 564 1782 Domino
584 1687 709 1762 licuit.
737 1688 768 1762 Ii
790 1693 873 1762 verb
893 1713 1000 1786 quan·

240 1802 282 1856 to
310 1789 470 1882 poterant
497 1785 630 1880 studio,
666 1792 873 1889 plerumque
909 1790 1001 1862 c'ole·

242 1885 328 1956 bant
356 1887 573 1978 Dominum,
600 1888 828 1966 desiderio&
856 1888 913 1988 spe
939 1889 1000 1964 du·

241 1983 293 2058 dli
329 1984 572 2085 impetrandae.
603 1990 744 2066 demum
781 1989 1002 2068 Libertatis.

241 2089 415 2160 Attamen
442 2116 485 2162 ex
507 2089 708 2188 hujusmodi
733 2097 917 2168 Servorum
940 2089 1001 2164 usu

241 2211 314 2258 non
341 2188 435 2262 levia
463 2191 630 2266 Dominis
666 2192 893 2268 incommoda
921 2219 1001 2265 con·

184 2300 186 2304 ’
242 2284 665 2384 sequebantur.'Pretio
703 2292 928 2392 comparandi
969 2320 1003 2367 e·
1042 2311 1074 2383 c

242 2406 344 2478 rant.
371 2389 464 2485 quod
491 2393 537 2466 ob
576 2419 696 2470 eorum
733 2415 908 2478 mortem,
943 2411 1004 2468 aut

243 2488 500 2588 aegritudinem
529 2495 771 2594 pertinacem,
798 2514 858 2570 aut
885 2493 1002 2592 sugam

243 2589 410 2688 peribat.
453 2593 489 2667 Si
535 2621 604 2692 qua
644 2597 795 2672 crimina
836 2595 1004 2697 capitalia

242 2695 368 2766 Servus
396 2698 643 2793 perpetrabat,
670 2699 822 2772 multam
860 2695 1004 2776 crimini

240 2790 443 2888 impositam
490 2825 553 2894 pro
573 2862 578 2872 .
598 2799 786 2894 Mancipio
829 2797 1005 2874 Dominus

244 2891 425 2966 exsolvere
462 2901 671 2993 cogebatur.
708 2899 896 2996 Fugientes
933 2927 1006 2997 per·

245 2992 406 3090 quirere,
425 3021 465 3067 ac
484 2993 628 3069 domurn
649 2995 834 3084 revehere,
861 2997 1008 3090 litium,

247 3118 430 3179 curarum,
457 3095 491 3167 δι
519 3096 745 3194 expensarum
770 3123 841 3184 non
860 3098 939 3172 leve
959 3096 1004 3172 se·

245 3193 438 3268 minarium
458 3194 548 3272 suit.
568 3201 646 3272 Hac
665 3198 763 3274 dere
782 3197 862 3279 sunt
875 3199 1008 3274 multae

248 3299 517 3386 Romanorum,
544 3299 881 3400 Langobardorum,
922 3299 1005 3374 alia·

246 3422 394 3493 rumque
430 3401 588 3514 gentium
627 3408 764 3501 Leges.
800 3405 847 3474 Et
882 3399 924 3476 dc
959 3401 1006 3477 iis

246 3496 467 3572 rellituendrs
493 3498 724 3600 fere'semper
750 3503 940 3578 cavebatur
966 3502 1005 3578 in

198 3647 208 3665 ·
246 3597 359 3698 pastis
385 3599 480 3674 inter
506 3601 686 3702 Principes
713 3603 836 3678 initis.
866 3609 1002 3704 Negan-

245 3719 300 3772 tes
327 3719 442 3774 autcm
471 3701 505 3776 se
531 3708 655 3778 Servos
682 3732 721 3779 ac
756 3703 1005 3798 resrasiarios,

249 3825 365 3873 coram
393 3801 514 3890 Iudice
540 3805 729 3896 evincere,
764 3808 799 3878 δι
827 3807 868 3880 ad
901 3807 1005 3896 [ervi-

248 3901 351 3986 tium,
379 3921 418 3974 ut
445 3903 610 4002 ajebant,
631 3908 802 4004 replicare,
823 3907 1004 3982 molestum

247 3999 349 4075 srmul
375 4005 410 4077 δι
438 4003 693 4104 dispendiosum
714 4007 809 4083 suit.
835 4009 894 4082 Ad
922 4008 1006 4084 haec

248 4101 463 4178 diversorum
494 4107 729 4184 Dominorum
758 4110 856 4186 Servi
875 4131 910 4184 et
930 4116 1003 4186 An·

248 4206 352 4280 ciliae
379 4207 543 4308 conjugia
569 4209 736 4300 inibant,
755 4237 844 4308 quae
862 4210 1003 4287 dirime·
1045 4191 1075 4262 Ε

246 4333 284 4380 re
311 4333 379 4380 non
408 4308 559 4428 licebat,
596 4330 635 4430 ut
662 4311 809 4386 habetur
835 4311 874 4387 in
910 4317 1006 4414 Lege

247 4412 667 4588 scisirecaiiibliliidiignnds'
693 4415 727 4588 ii
750 4415 1005 4616 1{iigidli'dritiiiis.

248 4610 401 4708 Reliqua
428 4612 654 4689 incommoda
681 4637 889 4714 praetereo,
916 4617 1007 4693 illud

223 4710 367 4810 ‚potius
404 4713 609 4810 additurus,
646 4715 730 4792 haec
767 4739 902 4818 praeter
936 4719 1007 4794 alia

247 4811 287 4888 in
316 4813 431 4888 causari
457 4813 800 4905 suisse,cursens1m
824 4826 1008 4896 Servorum

246 4911 327 4990 usus
353 4916 442 4990 olim
470 4916 664 4993 decrescere
699 4923 877 5023 coeperit,
905 4941 1011 5020 atquc

245 5013 287 5094 in
313 5015 576 5098 desuetudinem
602 5019 745 5100 tandem
764 5023 912 5106 abierit.
941 5029 1008 5120 Poq

1111 1510 1155 1558 ex
1182 1509 1253 1556 uno
1279 1481 1468 1558 Comitatu
1493 1480 1533 1556 in
1560 1483 1710 1556 alterum
1747 1482 1873 1553 Servus

1112 1584 1287 1686 quispiam
1315 1583 1496 1685 fugiebat,
1524 1581 1785 1682 perquirere&
1820 1606 1876 1654 re.

1113 1713 1276 1784 cuperare
1303 1712 1374 1758 non
1402 1703 1474 1758 tam
1502 1683 1646 1758 arduum
1676 1681 1770 1772 suit,
1791 1707 1882 1756 con·-

1114 1785 1326 1886 spirantibus
1353 1805 1426 1860 tam
1462 1791 1731 1874 Romanorum,
1766 1809 1875 1880 quam

1114 1887 1455 1988 Langobardorum,
1481 1889 1516 1960 δι
1544 1891 1758 1959 Francorum
1785 1883 1876 1984 legi·

1114 1987 1199 2078 bus',
1227 2007 1265 2062 ut
1292 2013 1398 2062 nemo
1424 1986 1619 2088 sugitivum
1647 1990 1793 2059 Servum
1820 2011 1877 2058 re·

1113 2091 1268 2190 ciperet,
1288 2091 1506 2179 occultaret,
1526 2089 1618 2162 ultra
1639 2084 1788 2162 flumina
1813 2111 1876 2159 na.

1112 2217 1155 2264 ve
1181 2189 1445 2265 transveheret.
1483 2191 1616 2263 Verum
1643 2188 1681 2262 in
1718 2205 1797 2278 tot,
1833 2201 1875 2262 ut

1110 2291 1162 2366 ita
1189 2291 1333 2384 dicam,
1377 2291 1598 2391 Principatus
1634 2313 1743 2388 quum
1781 2285 1875 2364 setta

1113 2392 1255 2468 demum
1284 2390 1389 2466 Italia
1428 2391 1558 2480 suerit,
1594 2392 1629 2464 &
1667 2407 1876 2489 perpetuum
2005 2387 2006 2392 ’

1029 2467 1035 2572 l
1112 2491 1182 2568 sere
1209 2494 1303 2568 inter
1338 2491 1513 2567 finitimos
1550 2493 1703 2591 Populos
1740 2490 1875 2564 bellum

1112 2597 1290 2683 aleretur,
1317 2597 1388 2696 jam
1415 2599 1540 2670 Servos
1566 2593 1605 2668 in
1640 2591 1762 2665 officio
1790 2617 1876 2664 con·
1964 2645 1970 2658 .

1112 2697 1251 2785 tinere,
1279 2715 1339 2772 aut
1365 2697 1405 2770 in
1431 2693 1550 2798 sugam
1577 2689 1693 2770 versos
1719 2693 1874 2792 recipere

1113 2795 1299 2898 operosum
1349 2796 1458 2872 nimis
1503 2795 1573 2870 suit
1621 2793 1874 2892 molestumque

1097 2899 1321 2996 negotium.
1351 2896 1545 2974 intercessit
1572 2895 1680 2971 etiarn
1702 2895 1787 2968 belli
1815 2920 1877 2968 ne·

1114 2998 1269 3072 celsitas.
1297 3001 1366 3072 Sub
1389 3000 1558 3074 Romanis
1578 2999 1621 3072 ab
1640 2997 1772 3072 honore
1799 2995 1876 3070 Mi·

1114 3094 1217 3170 litiae
1244 3097 1372 3170 exclusr
1399 3097 1494 3172 suere
1520 3098 1647 3188 Servi,
1674 3115 1751 3172 tum
1779 3096 1875 3195 quod

1046 3231 1079 3300 D
1116 3194 1279 3270 viliffimi
1299 3196 1485 3272 hominurn
1504 3197 1643 3286 sorent,
1662 3217 1739 3271 tum
1766 3199 1877 3272 etiam

1118 3324 1162 3374 ne
1189 3299 1239 3384 ad¹
1258 3323 1354 3374 arma
1380 3297 1562 3391 instrubii,
1589 3295 1777 3370 seditiones
1814 3325 1878 3397 po.

1117 3398 1184 3474 sica
1211 3399 1457 3491 concitarent,
1484 3419 1589 3499 atque
1625 3396 1663 3470 in
1700 3396 1877 3471 Dominos
1938 3413 1940 3420 “

1118 3499 1218 3576 &in
1245 3499 1355 3602 ipsam
1382 3501 1652 3602 Rempublicam
1688 3499 1759 3572 tela
1794 3524 1879 3572 con·

1119 3621 1321 3678 verterent.
1338 3606 1451 3678 Semel
1468 3603 1582 3678 coacti
1600 3597 1776 3690 Romani,
1792 3599 1878 3674 dum

1119 3731 1240 3780 eorum
1267 3703 1398 3806 jugulis
1425 3705 1584 3780 Annibal
1621 3701 1783 3793 instaret,
1819 3700 1880 3776 ad·

1120 3805 1262 3882 sciscere
1302 3807 1342 3882 in
1378 3805 1583 3906 praefidium
1626 3809 1783 3890 Servos,
1819 3829 1879 3876 eos

1119 3926 1222 3984 antea
1261 3909 1445 3986 Libertate
1480 3909 1684 3982 donarunt.
1726 3907 1783 3980 Ne
1819 3903 1881 3978 sub

1120 4009 1363 4110 Langobardis
1390 4011 1532 4108 quidem
1552 4013 1586 4082 ἃ
1616 4007 1758 4080 Francis
1785 4004 1880 4081 secus

1120 4138 1173 4185 res
1213 4111 1336 4186 stetit.
1371 4114 1505 4186 Verum
1540 4115 1664 4186 Seculo
1701 4107 1783 4180 llll.
1818 4106 1881 4182 sub

1095 4229 1177 4286 ¹tot
1203 4211 1345 4288 Liberis
1372 4213 1557 4303 Urbibus,
1583 4216 1618 4288 &
1646 4213 1740 4286 inter
1768 4207 1800 4282 se
1826 4207 1882 4282 di·

1120 4312 1381 4411 gladiantibus,
1403 4313 1600 4412 frequentes
1620 4331 1745 4400 erant,
1765 4309 1880 4384 immo

1120 4414 1375 4512 quotidianae,
1402 4415 1577 4515 cogendae
1597 4413 1759 4489 Militiae
1786 4409 1883 4485 caus·

1120 4513 1195 4591 sae:
1224 4515 1377 4593 nimium
1398 4523 1482 4592 verb
1501 4515 1636 4592 roboris
1662 4515 1799 4614 Populo
1824 4511 1884 4588 de·

1090 4589 1096 4685 Ι
1120 4607 1272 4694 trasium
1298 4617 1437 4709 suisset,
1460 4617 1484 4692 sa
1505 4623 1627 4694 Servos
1647 4642 1801 4702 armare,
1828 4632 1882 4688 at·
2014 4658 2021 4668 ·

1089 4715 1188 4817 lque
1227 4719 1266 4795 iu
1304 4719 1490 4796 subfidium
1527 4719 1692 4794 adbibere
1729 4715 1880 4790 minime

1120 4819 1296 4897 licuisset.
1324 4821 1447 4897 Frasla
1483 4807 1562 4894 sunt
1598 4847 1681 4919 ergo
1717 4817 1881 4916 repagula
2001 4819 2010 4836 “

1120 4921 1259 5020 antiqui
1299 4923 1453 5024 rigoris,
1489 4922 1523 4994 ἃ
1566 4921 1682 4996 Servis
1724 4917 1880 4992 concessa

1119 5023 1284 5102 Libertas
1293 5079 1309 5119 ,
1333 5047 1373 5102 ut
1400 5025 1444 5104 ad
1467 5049 1563 5107 arma
1588 5024 1624 5098 δι
1650 5019 1714 5126 ipfi
1741 5016 1883 5194 carism-⁴

1708 5146 1830 5225 geren,
