4592 6066
432 390 511 472 ψ
714 351 1122 472 suissuis.
1182 347 1653 438 nuntiatur
1858 385 1938 468 ψ

212 471 226 554 J
367 473 440 564 rit,
471 477 603 546 liberam
628 473 789 546 licentiam
811 473 928 546 babeat
948 497 1026 570 pars
1053 478 1127 543 Mo·
1164 471 1198 540 A

370 575 503 663 naslerii
535 574 634 662 vestri
664 575 751 644 omni
785 575 820 647 in
851 595 988 671 tempore
1021 573 1129 664 sodert

368 677 416 746 Θ
440 675 561 774 aporire
582 695 721 766 terram,
746 703 807 770 que
830 703 907 775 erga
933 676 1033 772 ipsum
1055 701 1127 746 son·

257 853 259 856 .
362 777 434 866 slat
467 779 512 848 ad
550 780 804 873 recooperandum
839 778 873 847 in
910 803 982 874 quo·
1006 777 1129 870 lesum,

367 898 428 952 out
442 879 656 949 contotbatum
676 878 796 970 suerit.
822 885 871 952 Et
890 877 995 975 siego
1013 877 1128 976 supra·

363 977 503 1072 scriptus
536 980 676 1050 Godolus
709 979 951 1069 Subdiaconut,
988 981 1046 1052 vel
1066 977 1131 1050 tuti

368 1079 495 1152 berados
521 1079 555 1150 in
583 1080 690 1178 aliquo
722 1081 978 1168 disiurbationem
1003 1107 1040 1150 ecc
1065 1079 1130 1176 ipso

368 1179 520 1254 curriculo
540 1180 727 1272 fecerimus,
759 1203 820 1255 aut
844 1205 1028 1278 quocumque
1051 1202 1129 1252 tem·

368 1303 443 1379 pore
479 1283 650 1376 oportuerit
687 1284 732 1355 ad
770 1285 1024 1379 recooperandum
1062 1309 1131 1352 eum

1292 473 1337 560 tir
1362 473 1524 540 Aetnam
1555 489 1731 564 rogatura
1759 473 1880 543 Godolo
1913 475 1998 544 Sorba

1337 569 1472 641 diacono
1499 571 1534 640 in
1560 571 1618 640 bac
1637 570 1763 666 pagina
1793 573 2001 670 promisionis

1340 669 1429 757 teslis
1449 669 1636 767 subscripsi.
2099 677 2104 684 ’

1288 775 1336 864 olo
1363 766 1569 867 Epiphanius
1594 791 1722 869 rogatus
1737 801 1762 847 a
1779 775 1899 844 Godolo
1920 775 2003 848 sub·

1342 873 1476 944 diacono
1501 874 1538 944 in
1562 874 1623 946 bae
1643 875 1771 972 pagina
1795 875 2004 972 promissionis

1251 1047 1257 1058 ,
1341 975 1387 1044 O·
1411 974 1614 1070 obligationis
1638 975 1727 1062 teslo's
1746 976 1935 1074 subscripsi.
2001 995 2005 1006 '

1223 1131 1227 1138 .
1286 1077 1334 1166 est
1361 1079 1434 1171 Ego
1453 1075 1686 1172 suprascriptus
1710 1071 1906 1150 Loumntius
1929 1077 2001 1148 buis

1336 1177 1546 1272 promissoris
1568 1179 1703 1249 Castulo
1737 1199 1865 1275 rogatus
1891 1205 1913 1250 o
1936 1183 2003 1248 Gr·

1239 1264 1249 1284 i
1339 1277 1410 1348 dolo
1447 1278 1644 1350 Subdiatono
1678 1275 1811 1368 scribere
1846 1277 2001 1366 dii'iavi,

372 1383 649 1476 interdixerimus,
677 1384 712 1455 in
734 1411 797 1481 quo
815 1385 962 1482 superius
981 1386 1129 1456 dettrnu·
1170 1372 1198 1444 Β
1292 1429 1295 1432 -
1332 1376 1528 1475 subsc'lpst,
1564 1380 1609 1450 θ
1637 1382 1708 1476 posi
1730 1381 1888 1454 traditam
1919 1403 2002 1450 cont·

371 1507 440 1554 tuos
466 1483 529 1574 esi,
563 1485 610 1554 Θ
631 1505 740 1556 contra
763 1486 844 1558 hooc
868 1487 1036 1560 Cartalam
1057 1505 1129 1582 pro·

371 1584 523 1678 missionis
540 1585 585 1656 ire
599 1588 785 1684 quandoque
800 1587 1061 1684 temptaverimus
1076 1607 1132 1681 per

370 1711 451 1777 not,
473 1707 534 1758 aut
561 1685 754 1784 subposttans
776 1689 881 1762 aliam
904 1688 960 1761 vel
992 1688 1132 1784 qualem·

372 1813 500 1882 eumque
538 1788 701 1882 personam
737 1789 883 1884 Principi
919 1809 981 1862 aut
1013 1796 1045 1880 J
1046 1789 1133 1880 odiri

368 1887 614 1982 supplicandum
635 1911 693 1984 pet
714 1892 861 1985 quemvis
885 1892 974 1962 modo
998 1889 1132 1981 morise-

366 1989 454 2072 sium
475 1987 596 2077 suerit,
622 2011 835 2082 componamus
852 1992 899 2062 ad
912 2009 1038 2086 partem
1056 1993 1132 2060 Mo·

373 2086 504 2174 nasietii
536 2088 599 2160 tibi
623 2090 840 2188 Ansrlpcrgae
864 2088 1055 2186 Abbatissar
1075 2090 1134 2164 vel

369 2185 585 2284 successoribus
607 2191 676 2262 tuis
700 2193 774 2264 auri
802 2193 920 2286 solidos
951 2193 1131 2290 quinquan-

1292 1480 1524 1672 Anp‘iitbm,
1561 1597 1601 1656 ut
1634 1579 1679 1655 fit
1706 1582 1829 1658 nostris
1865 1565 2017 1682 tempo?

1241 1677 1374 1772 sibus,
1418 1680 1593 1781 antiquis'
1618 1683 1726 1758 etiam
1773 1685 2004 1758 Tabelbonts
2071 1691 2074 1696 ’

1206 1791 1209 1802 ’
1243 1783 1427 1880 protonolo
1450 1783 1663 1858 Chartasum
1689 1787 1710 1858 b
1736 1782 1770 1859 se
1796 1783 2005 1884 scriptarum

1244 1907 1347 1981 penes
1368 1881 1403 1956 se
1421 1883 1616 1958 retinerent
1632 1901 1741 1984 atque
1760 1885 2003 1978 adservarent,

1243 1982 1409 2058 collaturi
1450 1983 1673 2084 poscentibus
1709 1985 1913 2060 authentica
1949 2013 2005 2062 ea·

1244 2109 1321 2156 rum
1348 2087 1533 2186 exempla,
1559 2111 1670 2184 quum
1690 2111 1782 2187 opus
1801 2087 1906 2180 esset,
1933 2113 2005 2162 nvn

1244 2182 1327 2258 satis
1362 2185 1504 2286 liquet.
1545 2188 1684 2262 Protuli
1722 2215 1787 2290 ego
1826 2193 1921 2264 Part.
1958 2192 2005 2266 ΙΙ.

373 2310 432 2378 ra,
460 2292 504 2360 ds
526 2313 583 2388 pro
605 2312 685 2389 pene
703 2293 892 2386 solots’ouem
914 2293 1039 2392 presens
1061 2315 1132 2390 pro·
1164 2291 1199 2362 C
1243 2285 1356 2362 Tomi
1376 2291 1405 2362 1.
1428 2294 1559 2364 Rerum
1582 2291 1811 2382 italicarum,
1827 2317 1904 2390 pag.
1924 2315 2005 2386 1⁴9·

374 2391 474 2487 miffio
501 2393 596 2484 suunt
619 2394 762 2468 obtineat
787 2399 922 2470 roborem
944 2395 1032 2466 omni
1057 2414 1132 2468 tem·
1247 2391 1378 2490 Legem
1402 2415 1465 2488 97.
1491 2391 1716 2490 Langobacd.
1735 2393 1758 2462 b
1777 2391 1918 2462 nemine
1944 2417 2006 2462 an·

372 2514 476 2586 pore;
503 2493 551 2578 sic
577 2495 626 2568 ita
649 2517 687 2567 ut
705 2495 739 2582 si
763 2523 848 2594 aqua
872 2526 910 2568 ecc
944 2496 1011 2591 ipso
1035 2496 1132 2568 curri·
1182 2516 1184 2521 ·
1247 2507 1303 2562 tea
1330 2493 1556 2588 evulgatam,
1592 2489 1631 2560 in
1658 2515 1726 2584 qua
1753 2486 1947 2564 Lotbarins
1975 2495 2003 2566 ῐ.

373 2599 443 2664 culo
463 2594 552 2682 serras
575 2615 692 2667 terram
716 2599 890 2690 rumperis,
926 2595 1056 2683 nonsit
1080 2623 1132 2665 ne·
1245 2587 1419 2685 Augustus
1444 2588 1529 2660 baec
1564 2587 1709 2660 statuit:
1747 2593 1800 2660 De
1833 2593 2004 2684 Notariis,

369 2693 535 2791 gligentia
553 2692 626 2790 sotto
649 2695 733 2769 diiii
758 2695 949 2782 Itionaslerii
973 2695 1072 2778 veslri
1089 2694 1145 2763 ad‘

373 2797 629 2889 recooperandum
653 2821 744 2882 eum,
769 2821 811 2864 ne
837 2793 930 2864 vobis
952 2817 1055 2885 grove
1081 2791 1130 2860 in·
1243 2807 1297 2854 tat
1320 2785 1608 2972 noumipserint,
1641 2810 1701 2862 aut
1726 2789 1762 2875 si
1785 2817 1839 2865 tas
1861 2796 2007 2888 perdide·

367 2893 458 2982 serat
479 2896 681 2990 dampnum,
703 2895 788 2988 quod
813 2891 994 2990 imposibile
1007 2890 1129 2966 videa·
1243 2883 1332 2974 rint,
1413 2909 1529 2958 aurent
1547 2887 1632 2982 ipsas
1650 2915 1698 2960 res
1716 2892 1767 2980 ei,
1794 2893 1883 2986 tusus
1901 2896 2007 2966 Cbar·

372 3015 427 3064 tur
458 2989 517 3086 esst
549 3013 608 3066 aut
642 2993 854 3066 intollerabile
885 2993 1132 3094 prolongaverat
1200 3017 1203 3024 ·
1243 3003 1295 3056 tae
1320 2985 1366 3052 tis
1390 2986 1530 3056 traditae
1549 2985 1707 3081 fuissent.
1743 2997 1771 3062 S
1771 2991 1784 3060 i
1808 2999 1883 3064 verb
1909 3021 2006 3093 nega·

373 3095 419 3167 ad
441 3093 615 3168 dilatione.
653 3095 750 3168 Unde.
776 3093 879 3187 accepi
912 3116 968 3186 ego
993 3091 1132 3162 Godolut
1242 3081 1353 3154 verint
1381 3082 1479 3179 suisse
1503 3089 1668 3181 traditas,
1698 3087 1812 3185 sterent
1836 3121 1905 3165 cum
1934 3097 2008 3187 suis

371 3200 399 3266 S
399 3193 588 3282 ubdiatonus
623 3213 682 3288 pet
714 3194 768 3264 bec
802 3191 1011 3288 promissoris
1043 3218 1067 3264 a
1101 3211 1132 3262 te
1169 3187 1203 3256 D
1237 3186 1545 3275 sacramentalibus.
1571 3191 1671 3265 Haec
1696 3181 1884 3294 quisquam
1912 3193 2003 3274 forti

370 3293 577 3389 ..anselperga
597 3287 772 3388 abbatissa
794 3320 835 3364 ecc
862 3292 986 3386 sacculo
1010 3297 1131 3364 Mona·
1245 3283 1521 3384 interpretetur,
1547 3288 1641 3387 quafi
1669 3291 1829 3370 indicent
1853 3323 2003 3395 poenam

363 3395 458 3484 sierio'
494 3393 593 3481 veslre'
628 3396 704 3468 auri
735 3395 862 3468 Solo'dos
894 3418 1019 3466 numera
1053 3419 1130 3489 qua·
1245 3385 1455 3484 propofitam
1491 3389 1759 3490 deperdentibus
1793 3401 2002 3496 protocola.

370 3519 460 3588 tuor,
486 3517 522 3566 ut
536 3492 640 3588 firma
665 3495 712 3568 ts
727 3493 860 3584 siabilis
884 3495 970 3568 omni
995 3494 1029 3565 in
1053 3514 1129 3564 tem·
1245 3484 1407 3564 sednon
1433 3489 1524 3566 alius
1549 3494 1659 3592 Legis
1689 3495 1801 3570 sensus
1827 3497 1918 3574 mihi
1947 3500 2003 3576 vi·

367 3619 442 3695 pore
463 3615 665 3693 permaneat.
700 3598 820 3688 Quam
847 3619 931 3666 vero
966 3591 1128 3693 paginam
1243 3586 1370 3680 detur,
1396 3591 1503 3687 quim
1528 3591 1573 3666 de
1598 3593 1743 3670 Chattis
1763 3599 2000 3694 authenticis,

370 3695 609 3798 promiffionis
628 3695 807 3768 Tanoaldi
834 3692 1053 3766 scribendum
1074 3719 1129 3766 ro·
1242 3713 1328 3786 quas
1364 3710 1468 3788 prout
1503 3695 1672 3794 negotia,
1709 3696 1812 3791 lites,
1846 3701 1882 3775 δι
1919 3727 2003 3776 con·

369 3797 476 3898 gavi,
502 3797 564 3894 qui
591 3797 625 3868 tc
648 3799 716 3892 egb
742 3821 787 3872 ex
812 3793 948 3870 distata
973 3798 1127 3870 Lauren·
1242 3789 1374 3865 trab’tus
1398 3793 1609 3894 exigebant,
1637 3796 1797 3873 homines
1817 3803 2002 3884 tradebant

369 3898 425 3970 tio
453 3895 606 3974 Notario
632 3893 773 3997 scripsi.
915 3909 917 3914 ’
1244 3892 1405 3967 Notasiis
1433 3913 1494 3968 aut
1519 3895 1780 3992 describendas,
1807 3921 1868 3977 aut
1896 3929 2001 4002 penes

420 3997 546 4074 anon
571 3997 690 4074 Brixia
709 3997 865 4089 feliciter.
1207 4017 1212 4035 ·
1241 4019 1301 4070 eos
1327 3993 1529 4088 seroindas,
1565 3997 1595 4072 ii
1620 4005 1706 4076 verb
1732 4019 1794 4076 aut
1818 4009 1865 4078 ob
1899 3999 2000 4080 incu-

421 4105 465 4194 ost
491 4099 630 4176 Godolus
664 4099 892 4178 sardianos·
916 4102 999 4174 banc
1034 4101 1129 4198 pagi·
1172 4088 1203 4166 Ε
1240 4095 1360 4188 riam,
1394 4118 1455 4172 ant
1480 4097 1561 4173 dati
1591 4099 1700 4174 etiam
1727 4105 1832 4222 oseti
1866 4105 2001 4205 deperi-

471 4229 546 4278 nnm
576 4201 782 4299 promisionis
809 4199 933 4293 stisiam
956 4232 978 4278 a
1003 4229 1051 4274 me
1081 4229 1129 4274 re·
1240 4223 1278 4272 re
1303 4196 1480 4272 sinebant.
1514 4203 1684 4276 Ceterum
1720 4207 1852 4304 trsplex
1889 4231 2000 4282 mem.

473 4303 627 4400 cognovi,
649 4302 784 4401 scripsi,
813 4304 936 4395 obtuli,
962 4302 1128 4378 roboravi.
1242 4300 1425 4376 brenacum
1452 4297 1581 4399 species
1607 4302 1645 4378 in
1667 4305 1872 4380 Tabulariis
1897 4325 2001 4382 vetu-

422 4407 494 4500 Ego
518 4403 702 4502 Walpettus
726 4423 891 4501 rogaturo
910 4405 1029 4480 Godolo
1044 4407 1128 4477 Sub-
1239 4399 1297 4474 ssis
1332 4399 1478 4498 spectari
1514 4403 1716 4480 consuevit.
1758 4408 2001 4484 primosum

469 4503 601 4580 diacono
617 4502 662 4574 'in
686 4503 744 4577 bac
764 4505 891 4602 pagina
919 4505 1129 4607 promisionis
1240 4499 1419 4594 Chartae,
1453 4529 1543 4602 quae
1577 4507 1674 4580 notis
1710 4510 1813 4610 plane
1839 4525 2002 4614 autogra-

470 4603 558 4693 tesiis
576 4597 763 4704 subscrips.
1242 4602 1321 4703 phis
1355 4600 1559 4703 igniantur,
1595 4604 1732 4684 scilicet
1758 4610 1819 4686 nbi
1846 4611 2000 4687 diverso·

295 4723 299 4731 ’
421 4703 668 4801 oereusdedit
702 4724 831 4803 rogatu
854 4733 876 4779 a
900 4707 1019 4780 Godolo
1045 4711 1127 4782 Sub·
1240 4731 1318 4780 sum
1353 4705 1492 4784 testium
1526 4707 1684 4786 baedae
1726 4709 1997 4813 subscriptiones

471 4807 610 4883 diacono
627 4806 662 4882 iso
687 4808 746 4884 bac
766 4807 892 4907 pagina
919 4808 1129 4912 promissionis
1240 4806 1428 4899 visuntur,
1462 4825 1525 4886 aut
1558 4813 1718 4906 Cruces,
1754 4831 1816 4889 aut
1851 4813 1924 4892 alia
1958 4811 2002 4888 ss·
2075 4863 2079 4872 ·

402 4915 406 4926 '
470 4909 557 4998 trslis
575 4906 761 5014 subscrips,
919 4907 920 4912 ’
1240 4935 1308 5009 gna
1342 4907 1482 4984 testium
1520 4909 1694 4990 scribendi
1728 4913 1999 5016 imperitorum,

421 5015 465 5106 ᾗ
491 5020 566 5086 Otto
589 5031 716 5109 regator
739 5040 761 5086 a
785 5013 905 5086 Godolo
932 5011 1128 5106 Subdiacrno
1240 5009 1368 5111 quihus
1405 5011 1577 5092 Notuus
1611 5021 1816 5094 meddam
1852 5018 2000 5091 tradebat

420 5187 426 5201 ,
473 5103 508 5194 in
525 5113 583 5188 boc
604 5115 811 5211 promissionis
829 5113 917 5206 teslis
935 5113 1126 5215 subscrips.
1399 5149 1405 5162 ·
1835 5115 1950 5220 Charg

1242 2687 1299 2779 qui
1323 2687 1464 2760 Cbartas
1487 2687 1645 2780 recipiunt
1668 2691 1714 2761 ad
1731 2690 1954 2784 scribendum,
1975 2693 2008 2780 si
2133 2681 2139 2692 ¹
