4594 6070
427 423 515 492 an
698 399 1681 524 autmutarernurrneur
1858 445 1942 506 ω

348 501 378 630 f
419 521 558 616 Signum
582 517 703 594 Domni
719 522 845 596 ottonis
862 524 1049 622 seremffimr'
1066 531 1131 602 Im·
1169 531 1204 606 A
1244 533 1385 623 lorum,
1412 547 1473 607 aut
1500 532 1623 608 saltem
1660 533 1917 632 interpolatum
1944 545 2010 634 puu'

365 624 522 718 peroraris
535 679 545 700 .

422 729 592 823 Eripertus
617 731 837 803 Cancellarr'ur
862 734 909 806 ed
941 733 1044 806 vicem
1070 743 1130 808 Pe·

368 827 416 899 tri
440 830 578 947 Cumani
602 831 752 931 Eprlcopr'
779 835 823 906 θ’
845 836 1133 911 Archieancellarr'r'

368 953 548 1023 recognourt
561 985 570 1004 .

1245 633 1321 708 tide
1337 634 1382 708 ab
1401 635 1524 734 aliquo
1551 627 1685 724 sciolo,
1712 633 1782 708 srve
1802 654 2007 726 corruptum

1247 734 1368 810 fuisse:
1397 737 1492 836 quod
1513 736 1740 839 perpendenti
1762 739 1876 810 Notas
1895 735 2010 812 Chro-

1246 837 1462 940 nologicas,
1503 866 1542 914 ac
1581 837 1765 940 praecipue
1804 835 1868 910 illa
1904 839 2010 912 verba

1243 961 1301 1038 pru
1325 941 1436 1016 areima
1453 942 1570 1037 Piplei
1594 941 1677 1038 evi,
1705 941 1748 1010 Θ
1771 937 1889 1012 Karolr'
1913 943 2011 1012 Mer.

419 1037 512 1104 Data
537 1036 699 1108 Kalendis
725 1039 862 1128 Medii,
888 1048 991 1112 Anno
1017 1041 1128 1115 Domi·
1246 1043 1318 1114 tellr'
1340 1043 1445 1139 patris
1470 1044 1554 1124 mei.
1581 1046 1600 1116 ἑ
1628 1040 1775 1140 vestigio
1802 1057 1940 1138 pateat.
1968 1039 2013 1114 ¹1·

368 1133 456 1204 nicae
475 1138 707 1210 incarnationis
726 1147 1010 1218 DCCCCXCVII.
1032 1149 1128 1214 Dom-

365 1235 406 1304 m'
429 1255 535 1308 autem
559 1241 684 1312 Ottonie
718 1245 901 1336 Regnaetr's
927 1250 999 1318 XV.
1029 1250 1130 1344 Impe-

364 1337 471 1408 eautr's
496 1347 583 1412 ueri.
598 1345 644 1415 ll.
668 1343 844 1418 sediliione
870 1352 912 1418 Χ.

417 1440 544 1513 Aetam
569 1451 691 1518 Romae
710 1447 872 1538 feliciter.

419 1548 534 1614 Curres
560 1563 705 1637 autem,
740 1547 833 1638 five,
870 1566 910 1624 ut
937 1548 1035 1650 saepe
1061 1551 1132 1650 aje-

366 1643 482 1734 bant,
522 1652 656 1740 Curres,
693 1675 738 1724 ex
779 1649 943 1749 plurimis
981 1651 1131 1748 praediis

367 1745 597 1837 constabant,
635 1769 764 1849 atque,
801 1751 854 1826 uti
890 1753 929 1826 in
956 1753 1128 1852 Antiqui·

366 1847 474 1920 tatib.
502 1847 628 1922 Estens.
655 1851 915 1944 animadverti,
944 1873 1048 1949 atque
1076 1855 1128 1928 in·

365 1945 422 2020 fra
457 1948 495 2021 in
533 1949 676 2026 Dissert.
713 1957 809 2026 xlx.
844 1956 885 2024 de
919 1954 1065 2024 Tributr's
1092 1983 1126 2028 o·

365 2047 548 2140 tendam,
576 2053 761 2152 pleraeque
787 2053 932 2128 vetustis
959 2057 1127 2152 tempori·

366 2151 432 2223 bus
460 2149 596 2224 Villam
635 2152 811 2253 integram
848 2154 1128 2254 complesteban·

365 2265 428 2326 tur
466 2279 548 2326 cum
588 2254 761 2345 Ecclesra,
802 2255 841 2329 in
882 2281 950 2354 qua
995 2260 1132 2352 Populo

1246 1159 1350 1242 nepte
1368 1142 1465 1244 agit,
1492 1143 1707 1242 quicumque
1726 1145 2009 1216 Karlomannum

1248 1243 1394 1342 Pippini
1423 1247 1530 1344 Regis
1556 1245 1700 1321 fratrem
1737 1243 1863 1317 Italiae
1898 1241 2012 1342 impe·

1248 1347 1332 1420 ralse
1372 1347 1571 1446 opinatur.
1603 1346 1725 1422 Refert
1767 1343 2011 1420 Florentinius

1172 1449 1201 1518 B
1249 1447 1287 1520 in
1324 1448 1574 1524 Monumentis
1615 1447 1825 1524 comitissae
1860 1443 2011 1520 Mathil·

1247 1548 1301 1622 dis
1328 1575 1373 1626 ex
1399 1549 1563 1624 Archivo
1588 1549 1761 1624 Ecclesrae
1787 1546 1932 1623 Pisanae
1956 1567 2011 1621 ta·

1246 1653 1347 1744 bulas
1382 1651 1535 1750 ejusdem
1572 1650 1782 1728 comitiffae
1813 1653 1925 1724 Anno
1950 1653 2012 1723 M·

1247 1758 1456 1829 LXXVIII.
1484 1752 1650 1846 scriptas,
1687 1781 1748 1854 per
1772 1777 1858 1850 quas
1885 1747 2012 1824 confir·

1249 1873 1322 1928 mat
1348 1855 1464 1928 eidem
1484 1853 1656 1928 Ecclesrae
1682 1855 1871 1927 nonnullas
1897 1859 2011 1924 curres

1248 1983 1315 2028 cum
1342 1955 1521 2041 Castrorum
1547 1957 1592 2025 ΕΓ
1617 1955 1760 2049 Caperlis
1786 1954 1870 2024 inibi
1894 1953 2012 2024 baben·

1248 2077 1313 2128 tes.
1350 2056 1405 2128 lbi
1432 2079 1504 2127 non
1531 2050 1636 2127 semel
1663 2055 1789 2124 Curites
1814 2050 2011 2152 scriptum.

1250 2153 1315 2230 Sed
1351 2156 1389 2230 in
1426 2157 1629 2229 membrana·
1663 2151 1868 2237 authentica¹
1904 2151 2013 2228 luerit

1249 2265 1389 2351 Curres,
1416 2258 1470 2334 uti
1497 2259 1532 2330 8(
1557 2260 1662 2328 domes
1686 2255 1834 2348 cultiles,
1860 2279 1931 2328 non
1957 2257 2013 2326 dn·

364 2357 591 2428 Sacramenta
610 2355 919 2448 ministrabantur,
939 2357 1009 2433 live
1030 2363 1132 2434 Plebs
1174 2357 1205 2428 C
1249 2361 1499 2433 mue'eoleoles:
1533 2358 1627 2457 quod
1663 2357 1862 2458 imperitus·
1884 2354 2012 2431 Libra·

365 2454 475 2548 effer,
511 2453 582 2530 five
623 2455 776 2556 subjedla
819 2459 943 2551 Plebi,
982 2459 1050 2536 hoc
1085 2461 1131 2537 est

364 2555 579 2658 Baptismali
615 2558 813 2636 Ecclestae.
852 2560 1053 2638 Flodoardo
1080 2582 1129 2638 te·

364 2657 440 2746 ste,
469 2660 601 2756 quidem
626 2665 793 2754 Presbyter
815 2667 853 2736 de
880 2667 1025 2736 Boeurric
1050 2672 1128 2737 Crer-

364 2780 399 2834 te
423 2758 514 2836 suit:
536 2759 585 2846 sie
610 2763 694 2834 enim
722 2766 813 2838 Villa
837 2789 989 2840 uocatur.
1024 2771 1132 2868 Saepe

366 2861 478 2938 etiam
519 2863 680 2939 Castrum
717 2865 770 2941 ibi
811 2863 913 2940 litum
949 2885 1051 2964 erat,
1092 2895 1132 2943 ac

365 2963 453 3042 inde
490 2961 589 3040 suum
624 2993 754 3041 nomen
791 2969 915 3044 Curtia
949 2969 1026 3070 ipsa
1056 2997 1128 3046 mu·

365 3067 560 3142 tuebatur.
584 3068 791 3170 ·Ughellius
831 3073 941 3146 Tom.
977 3077 1023 3146 V.
1062 3077 1133 3154 Ira.

367 3169 441 3245 liae
466 3173 562 3244 Sace.
596 3169 633 3245 in
661 3172 826 3272 Episcop.
853 3172 1047 3249 veronens.
1076 3173 1133 3248 ad·

1250 2461 1324 2536 eius
1349 2462 1453 2536 nobis
1489 2460 1716 2561 propinavit.
1751 2466 1858 2532 Curres
1892 2475 2013 2530 autem

1249 2589 1371 2637 omnes
1399 2561 1631 2652 sirmondus,
1666 2561 1725 2636 vir
1751 2559 1933 2660 fingularis
1960 2558 2016 2657 ju·

1249 2663 1337 2739 dicii
1365 2681 1471 2766 atque
1496 2663 1732 2754 eruditionis,
1769 2660 1904 2736 censuit
1931 2655 2015 2732 suis·

1250 2763 1284 2840 se
1309 2767 1455 2841 Audes.
1483 2771 1568 2841 Non
1587 2789 1768 2866 repugno;
1796 2761 1852 2837 sed
1874 2787 1919 2836 ne
1937 2760 2016 2834 sub·

1252 2866 1401 2942 scribere
1428 2867 1573 2966 quidem
1602 2868 1715 2942 audeo
1739 2863 1933 2939 sententiae
1955 2888 2016 2935 ex·

1251 2969 1411 3044 eludenti
1450 2971 1471 3041 l
1506 2987 1606 3043 tanta
1644 2991 1808 3068 agrorum
1848 2961 2016 3063 portione

1252 3070 1380 3144 titulos
1422 3069 1579 3164 Beneficii
1617 3087 1724 3167 atque
1765 3063 2020 3164 Empbyreefir.

1253 3171 1494 3272 Temporibus
1521 3191 1639 3246 autem
1664 3168 1845 3248 Ludovici
1873 3169 1920 3240 II.
1943 3169 2019 3240 Au·

367 3271 438 3348 lert
479 3275 708 3360 Praeceptum
746 3277 984 3351 Karlomanni
1026 3275 1135 3368 Regis
1178 3287 1212 3357 D
1253 3274 1341 3376 gusti
1369 3273 1568 3348 Rutcherus
1602 3272 1772 3372 quidam,
1806 3269 1869 3368 qui
1907 3265 2018 3364 Veffua

307 3379 329 3387 “
367 3373 537 3453 donantis
571 3375 789 3452 Monallerio
823 3377 943 3453 Sansii
979 3377 1135 3454 Zenonis

370 3484 504 3550 Cererem
530 3479 665 3567 aelirum
691 3482 819 3552 nomine
834 3480 1064 3570 Descetr'amrm
1080 3477 1133 3566 ire·

367 3599 425 3653 ete
451 3581 555 3677 ripam
580 3589 706 3672 Lacus,
733 3580 871 3654 scilicet
898 3577 1050 3651 Benaci.
1077 3579 1133 3646 ln·

366 3679 421 3756 ira
455 3679 609 3772 repetit.
645 3681 681 3753 se
706 3677 850 3776 elargiri
886 3679 1032 3762 castrum
1066 3701 1135 3746 cum

367 3789 467 3854 Certe
491 3780 540 3846 Θ·
563 3781 688 3866 Plebe,
724 3776 956 3868 Desentr'anum
982 3775 1130 3849 nominet

368 3878 434 3980 qui
469 3877 570 3952 locus
605 3877 718 3954 adhuc
753 3877 952 3952 incolarum
977 3879 1013 3952 dc
1041 3876 1131 3952 aedi·

368 3980 536 4060 ficiorum
556 3978 755 4079 frequentid
776 3977 956 4082 splendet.
983 3983 1135 4056 Monen-
1160 3977 1170 4082 ι
1220 3980 1229 4119 Ι

371 4083 439 4157 dua
471 4095 592 4158 tamen
630 4081 793 4173 Lellor,
833 4083 1004 4184 Diploma
1045 4081 1138 4157 illud

332 4263 336 4270 ,
373 4201 438 4262 aut
461 4203 705 4264 commentum
730 4185 797 4264 effe
823 4205 985 4264 veterum
1015 4191 1140 4264 Saecu-

1253 3404 1290 3447 ee
1316 3375 1547 3463 Minillerielis
1581 3373 1685 3473 ipstus
1712 3370 1863 3470 Augusti
1900 3395 1942 3468 ap
1969 3372 2019 3441 el·

1252 3475 1412 3564 labatur,
1438 3482 1567 3546 Cenem
1585 3499 1629 3546 eo
1654 3473 1785 3559 titulo,
1813 3469 1909 3567 quod
1936 3397 2017 3545 sitae

1253 3573 1494 3746 proprpetatisE
1516 3573 1620 3746 eistfit'
1657 3598 1723 3668 pro
1755 3568 1923 3744 retereqiol
1941 3569 2018 3690 ani·

1252 3699 1577 3873 Ξὲἳιὲῗῖπέξηῖ
1596 3676 2018 3871 lllllllmll:

1252 3896 1312 3952 tor
1337 3875 1409 3977 ipse
1436 3876 1713 3954 confirmandam
1740 3875 1844 3951 duxit
1872 3901 1935 3975 per
1952 3873 2019 3949 Di·

1254 3983 1397 4076 ploma,
1423 3980 1518 4082 quod
1545 4005 1589 4055 ex
1616 3978 1844 4080 praelaudato
1873 3977 2022 4078 Regesto
2178 4003 2181 4010 ’

1253 4081 1435 4184 Episcopii
1457 4079 1702 4158 Cremonensrs
1721 4079 1935 4182 descriptum
1956 4105 2021 4182 pu·

1183 4189 1214 4260 E
1254 4183 1368 4262 blicae
1393 4185 1466 4262 luci
1493 4185 1627 4261 reddo.

376 4423 606 4520 Ludovicoe
633 4431 687 4514 11.
718 4432 942 4540 Imperator
967 4431 1139 4516 Curtem
1178 4421 1427 4512 Ruberinum
1466 4417 1664 4510 Ecclesrae
1700 4409 2015 4506 Cremonensi&

494 4547 701 4636 Ruteheto
720 4544 839 4636 Velio
869 4545 1070 4664 Imperiali
1091 4546 1282 4636 donatam
1313 4543 1442 4630 eidem
1469 4537 1667 4628 Ecclesiae
1689 4567 1757 4660 pet
1783 4533 1897 4626 suum

821 4663 1015 4784 Diploma
1043 4665 1279 4786 confirmat,
1317 4667 1443 4750 Anno
1473 4663 1575 4750 861.

422 4913 460 4985 N
481 4902 609 4983 nmine
631 4903 768 4980 Deretini
790 4903 889 4994 naslei
902 4903 989 4998 Jesre
1019 4903 1143 4990 Christe·

449 5013 517 5091 Dei
545 5010 673 5083 eterni.
699 5009 899 5082 Hladevicee
929 5011 1043 5107 gratid
1078 5007 1144 5082 Dei

369 5119 546 5215 Imperator
576 5110 772 5214 Augustus.
805 5113 959 5191 omnim
985 5109 1144 5208 fidelium

1253 4897 1371 4974 sande
1392 4898 1462 4973 Dei
1484 4895 1647 4988 Ecclefie,
1686 4919 1726 4970 ee
1747 4892 1917 4984 uttllrmm
1947 4898 2020 4986 Pl&

1246 5005 1387 5098 sentium
1419 5001 1544 5096 scilieet
1578 5028 1627 5102 ec·
1643 4998 1824 5091 fututorem
1858 4989 2022 5088 comperiet

1252 5106 1439 5202 industrie,
1465 5107 1549 5204 quod
1575 5101 1773 5182 Rutcberue
1798 5089 2026 5270 qmttquqsfie
