4594 6070
446 379 531 484 283
716 365 1709 488 Anrtnntttnsnttsentll
1878 381 1963 486 284

386 539 415 580 „
441 485 546 588 ipisus
586 484 725 586 ingredi
764 486 1032 585 polleilionem‚
1075 512 1146 560 non
1189 490 1223 561 A

386 632 415 680 ,·,
442 587 641 690 exspeSlacl
677 589 819 664 Parium
846 591 977 664 Curiae
1012 587 1149 662 senten·

386 744 416 786 „
442 691 512 778 tid.
539 693 587 765 Et
613 689 760 774 liberam
787 691 971 766 licentiam
991 692 1026 764 bt
1052 709 1150 794 pote·

386 844 415 885 „
441 791 560 866 statem
597 791 643 866 do
678 799 843 868 exnunc
876 794 947 885 iis,
983 791 1152 892 quiele·

385 948 415 988 ‚,
440 892 492 968 ni
518 911 622 968 erunt
656 895 698 970 ad
740 896 1019 998 cognoscendum
1057 894 1152 969 inter

385 1033 414 1090 ς,
442 995 640 1090 Dominum
677 993 926 1073 Marcltinnem
953 1001 989 1072 δι
1016 997 1150 1072 Vallal·

386 1151 416 1191 „
441 1101 520 1189 les,
547 1098 781 1176 confirmandi
808 1101 905 1204 quod
936 1127 997 1204 per
1025 1097 1149 1173 Domi·

386 1253 416 1292 „
441 1223 528 1276 num
549 1201 799 1278 Marcbionern
817 1203 952 1279 fanum
975 1202 1087 1278 fuerit
1111 1200 1153 1276 in

1265 486 1505 574 „auferendo
1546 489 1685 580 Feuda,
1719 490 1755 562 bt
1794 488 2026 590 ingrediendo

1264 643 1295 680 „
1319 587 1558 688 poffeffionem
1582 615 1706 665 eorum
1739 589 1838 690 juxta
1873 589 2025 666 formant

1265 745 1289 781 ,‚
1316 689 1553 788 praedidiam.
1577 699 1626 766 Et
1644 691 1692 763 ita
1710 694 1865 765 Dominus
1883 695 1929 764 0·
1947 693 2026 787 Vafi·

1257 793 1340 885 solli
1366 807 1411 865 ad
1436 794 1576 866 inuicem
1598 795 1732 887 esuristi
1751 795 1904 886 suerunt.

1315 901 1364 967 Ee
1387 921 1444 992 ege
1470 897 1695 970 Flomouellus
1720 895 1786 969 Dei
1814 895 1927 994 gentil
1959 900 2025 970 lm·

1259 997 1396 1095 petiolis
1418 1002 1533 1072 Anne
1556 998 1735 1088 Noraer'm,
1759 1001 1807 1072 ad
1830 999 1905 1070 baec
1919 999 2025 1072 omnin

1259 1101 1433 1197 praesens,
1471 1120 1509 1171 ur
1541 1100 1663 1176 andivi
1696 1101 1741 1172 Θ·
1774 1099 1943 1192 intellexi,
1977 1099 2026 1178 itu¹

1262 1225 1394 1300 regatus
1412 1203 1549 1295 seribere
1567 1201 1756 1300 subscripss,

467 1451 703 1542 Investitur'a
735 1421 860 1542 Findi
891 1455 982 1544 data
1012 1451 1212 1568 Daynesro
1243 1449 1327 1540 filio
1356 1455 1558 1574 quondam
1589 1453 1692 1542 Zeni
1721 1455 1773 1542 ab
1803 1457 1944 1544 Azone

656 1575 894 1664 Moschione
927 1577 1075 1664 Ellenfi
1105 1577 1146 1660 δι
1177 1572 1455 1685 Anconitano,
1485 1580 1764 1688 Ann01252.

386 1801 473 1990 IN
489 1807 612 1895 Christi
631 1808 773 1882 nornine.
795 1775 899 1886 Anne
918 1810 1050 1884 Domini
1068 1809 1153 1880 Mit-
1174 1809 1217 1878 'B

454 1908 560 1995 leſsmo
579 1911 795 1997 Ducentesimo
806 1911 1080 2010 ‚Quinquagefime
1097 1917 1124 1981 S
1124 1937 1155 1982 e·

387 2011 510 2102 eundo,
546 2011 791 2086 tudiniensis.
819 2035 953 2112 tempere
979 2011 1156 2086 laurentii

387 2118 521 2208 Papae,
546 2113 600 2184 die
627 2117 701 2188 Vll.
728 2116 870 2198 intrante
893 2117 1032 2215 Aprili,
1053 2117 1088 2188 in
1106 2123 1152 2190 E.

385 2215 549 2312 piscopaeu
575 2215 768 2290 Penariae:
791 2218 1009 2316 praesentibus
1027 2219 1154 2294 Domi·

386 2341 438 2388 no
464 2315 642 2416 Stephano
667 2319 733 2393 Dei
753 2325 868 2418 gratis
893 2326 991 2397 Duce
1014 2324 1154 2398 Sclava·

388 2415 498 2510 niae,
527 2419 688 2495 Domino
713 2425 841 2498 Marco
865 2425 980 2498 Ziano
1006 2425 1156 2502 Comite

386 2520 580 2612 Arbense,
623 2523 783 2598 Domino
825 2524 967 2600 lsnardo
1003 2530 1155 2603 Domini

386 2621 565 2721 opizonis
600 2625 813 2698 Marchione
852 2626 1074 2723 Malaspinae
1113 2627 1153 2701 li·

387 2721 470 2814 lin,
510 2725 648 2798 Domino
682 2726 858 2796 Meliorino
883 2733 915 2817 J
916 2727 1082 2822 urifperitu
1113 2731 1155 2798 de
1189 2709 1222 2778 C

385 2827 526 2915 Paean,
545 2824 680 2896 Domine
699 2827 929 2898 Bonmonhaee
947 2834 1067 2922 Legem
1086 2834 1150 2900 Do·

385 2923 490 3015 bine,
524 2925 571 2994 δ’
596 2925 692 2998 aliis.
729 2925 907 3001 Dominus
943 2931 1051 3020 Azo,
1090 2930 1153 3002 Dei

382 3027 499 3124 gratie
531 3023 678 3099 Ellensrs
704 3027 738 3100 ez
768 3028 1018 3102 Anconitanus
1053 3033 1151 3106 Mat·

385 3127 470 3202 chio
497 3125 535 3202 in
561 3131 665 3228 plena
685 3127 795 3200 Curia
816 3128 1073 3220 Vaffallorom,
1101 3131 1151 3202 ie-

378 3229 521 3316 vestivit
546 3225 741 3321 Depreſsum
758 3227 872 3320 filiurn
905 3233 1062 3327 qsrendam
1085 3236 1149 3302 Ze·

385 3332 444 3422 ni,
468 3333 516 3402 ad
539 3330 629 3423 usare
654 3329 764 3426 Regni
787 3332 827 3401 de
846 3331 906 3423 sere
922 3331 1002 3402 resto
1022 3336 1150 3422 feudo,

385 3434 431 3504 θ
455 3429 525 3524 ejus
550 3431 690 3504 rarione.
716 3433 789 3528 Qui
801 3429 936 3524 juravit
954 3431 1151 3526 fidelitatem

382 3535 483 3607 eidem
509 3533 647 3606 Domine
667 3535 859 3629 ‚musione
891 3556 999 3608 eontra
1032 3561 1152 3607 emerem

378 3637 563 3735 profanam.
598 3641 704 3706 Tener
737 3633 828 3724 eujus
855 3634 1046 3726 [aeramenti
1070 3638 1150 3710 talis

382 3737 452 3826 est:
476 3739 555 3838 Ego
581 3735 660 3836 juro
685 3733 729 3806 ad
756 3733 873 3807 senua
902 3735 969 3810 Dei
990 3741 1149 3839 Evange-

384 3839 437 3910 lia
460 3839 497 3910 δι
523 3835 701 3936 promitto
729 3837 797 3907 &n
823 3835 906 3934 (uti
940 3837 975 3908 iu
1004 3840 1150 3936 superius

384 3937 539 4036 Μονίμη
560 3934 781 4032 jurisjurandi
800 3938 991 4038 somniet.)
1027 3943 1150 4018 Erite

385 4041 544 4114 Dominus
569 4041 615 4110 tl*
641 4035 799 4134 Vaffirilus
822 4042 868 4112 ad
896 4040 1032 4114 inuicem
1065 4045 1147 4137 escu-

384 4141 449 4215 lati
460 4143 614 4234 sununs,
641 4141 686 4213 θ
704 4140 764 4234 fito
778 4141 975 4235 [enumerato
991 4143 1149 4235 fimens·

385 4264 483 4336 root,
509 4245 594 4316 nibil
619 4244 713 4317 eliud
736 4265 839 4316 tenere
865 4271 919 4316 nee
939 4249 1089 4343 peffidere
1109 4253 1150 4324 de

383 4341 512 4438 juribus
545 4347 681 4418 Domini
714 4347 942 4440 Marebiom's,
976 4376 1032 4422 nee
1062 4352 1151 4428 alias

384 4447 525 4520 rationes
547 4448 679 4518 batere.

438 4553 512 4648 Ege
547 4548 773 4620 semovetur
806 4551 873 4624 Dei
901 4553 1018 4650 greti!
1049 4555 1149 4652 Impe-

386 4647 482 4724 rialir
505 4651 620 4727 Mas
643 4651 826 4738 Notarius,
858 4655 905 4725 ad
937 4654 1012 4728 haee
1043 4657 1151 4732 omnia

383 4752 552 4852 praefisus,
578 4772 616 4824 ut
637 4752 759 4827 audin
782 4753 827 4824 θ
849 4753 1015 4849 intellexi,
1034 4757 1084 4830 ita
1101 4785 1149 4830 re.

381 4877 482 4954 getes
500 4855 635 4950 seribere
653 4853 842 4954 subscripsi.

437 4961 556 5032 Tanta
582 4959 757 5032 bonotm
782 4957 1025 5034 Alledialinm
1042 4959 1147 5062 copia

383 5059 578 5140 crunnus
619 5060 714 5154 luit,
748 5077 791 5138 ut
826 5059 1009 5158 vidimus,
1042 5083 1160 5140 anteo

1260 1805 1372 1882 etiam
1399 1810 1505 1909 quim
1533 1808 1713 1886 Ferrariae
1740 1805 2028 1886 dominationem

1261 1907 1418 1998 inirent,
1455 1933 1563 2008 atque
1597 1912 1635 1984 in
1662 1935 1783 1984 eorum
1821 1906 2026 2008 polieffione

1260 2035 1323 2109 per
1349 2010 1428 2086 suos
1456 2012 1629 2086 Vaffallos
1666 2012 1731 2084 elie
1769 2029 2024 2108 perrexerunt,

1261 2109 1373 2188 donec
1401 2117 1512 2188 Anno
1539 2116 1794 2188 Mnxcvtn.
1823 2108 2025 2186 Pontificiis

1262 2213 1397 2307 armis,
1433 2214 1644 2312 nentiquam
1672 2219 1756 2290 verb
1782 2212 1944 2312 juribus,
1972 2237 2027 2286 ce·

1261 2315 1383 2394 dentes
1398 2371 1423 2409 ,,
1446 2315 1650 2416 peffeffinnem
1688 2316 1856 2390 Ferrarius
1896 2318 2027 2387 Roma-

1261 2445 1326 2492 nae
1353 2419 1527 2495 Ecclestae
1552 2417 1785 2506 dimiserunt,
1812 2414 1959 2489 servatis
1984 2410 2026 2486 sr-
2123 2433 2130 2450 ·

1262 2519 1300 2596 bi
1335 2519 1615 2617 quibuscumque
1650 2515 1835 2591 Allodiis.
1873 2517 1939 2588 Per
1964 2537 2026 2588 an·

1261 2645 1325 2692 nos
1352 2619 1499 2694 subinde
1518 2619 1691 2718 plurimos
1710 2618 1750 2692 in
1771 2621 1932 2690 Romana
1950 2619 2026 2690 Ciu

1260 2717 1314 2792 ria
1347 2717 1488 2794 aitata
1522 2718 1572 2794 est
1612 2719 1689 2810 lis,
1728 2717 2025 2794 contendentibus

1263 2743 1482 2913 Estenibus,
1523 2820 1641 2896 Feuda
1674 2821 1740 2895 ille
1775 2817 1839 2894 fibi
1873 2819 1993 2894 deberi
2008 2843 2023 2918 ;

1264 2921 1435 2996 Romanis
1462 2927 1569 3011 verb,
1605 2921 1722 2994 Feuda
1747 2922 1812 2995 illa
1837 2920 1860 2992 b
1888 2920 2026 2996 Princi-

1263 3037 1348 3119 patu
1375 3019 1582 3094 Ferrarienst
1610 3021 1776 3120 pendere.
1813 3022 2025 3122 Compulso·

1262 3119 1348 3210 riis,
1375 3122 1689 3222 Allegationibus,
1716 3121 1962 3218 examinibus,
1989 3151 2025 3200 a·

1262 3219 1397 3320 filisque
1423 3223 1506 3297 aliis
1531 3223 1728 3300 innumeris
1753 3223 1941 3324 fatigatum
1961 3225 2024 3304 diu

1261 3323 1308 3396 est
1350 3326 1523 3400 Camenae
1568 3325 1793 3426 Apostolicae
1836 3325 2021 3424 tribunal,

1260 3426 1295 3498 ἃ
1332 3425 1408 3526 jura
1442 3425 1631 3504 stannum
1663 3430 1861 3504 luculenter
1885 3431 2023 3531 expres.

1261 3524 1315 3602 sa.
1341 3525 1439 3621 Quis
1461 3527 1578 3604 exitus
1604 3529 1683 3604 litis
1711 3529 1841 3620 fuerit,
1877 3556 1949 3606 non
1975 3533 2021 3608 eli

1190 3625 1228 3696 D
1262 3627 1365 3731 hujus
1399 3629 1473 3706 loci
1499 3657 1678 3706 enarrate.
1715 3636 1763 3705 Et
1800 3630 1920 3706 latius·
1941 3634 2022 3733 qui·

1261 3729 1340 3806 dem
1376 3729 1446 3806 erit
1481 3731 1785 3825 animadvertere,
1820 3733 1949 3834 quibus
1981 3765 2021 3814 o·

1261 3834 1328 3908 lim
1356 3831 1644 3924 conditionibus,
1671 3837 1704 3910 ἃ
1733 3861 1805 3935 quo
1831 3835 2023 3914 sacramen·

1261 3935 1291 4010 ti
1317 3961 1445 4036 genere
1469 3934 1590 4010 Guido
1616 3938 1651 4012 &
1679 3935 1801 4012 iratres
1820 3936 1863 4013 de
1889 3939 2022 4014 Canos·

1261 4037 1295 4114 sa
1322 4039 1361 4112 in
1388 4037 1545 4113 Feudum
1569 4039 1768 4136 receperint
1794 4041 1814 4114 b
1841 4040 2022 4120 friderico

1261 4145 1289 4216 l.
1317 4144 1533 4240 Imperatore
1557 4141 1718 4216 Callrum
1745 4141 1916 4234 Canufii,
1952 4143 2021 4220 lise

1259 4241 1431 4340 Canoffae,
1456 4241 1630 4337 inclytam
1650 4245 1821 4320 videlicet
1845 4245 1946 4319 illam
1969 4265 2023 4322 at·

1259 4371 1328 4444 que
1363 4345 1454 4419 olins
1490 4344 1806 4446 inexpugnabilem
1844 4347 2020 4449 Regiensis

1258 4446 1464 4524 Comitatus
1504 4449 1663 4540 Arcem,
1705 4448 1763 4524 cui
1798 4469 1935 4525 tantam
1971 4451 2021 4528 fa·

1257 4549 2021 4756 iitilldisleliiitlipiseaiiliajtiiitglfflildseiii:

1257 4774 1315 4829 tur
1344 4753 1548 4830 authentica
1584 4781 1792 4857 pergamena
1828 4755 2017 4856 Privilegii

1258 4857 1360 4958 hujus
1387 4856 1478 4957 apud
1504 4859 1664 4933 nobilem
1692 4859 1809 4934 virum
1836 4857 2018 4934 Marabin-

1258 4985 1340 5033 nem
1369 4957 1415 5034 de
1449 4961 1599 5036 Canolla
1637 4962 1828 5038 Patricium
1869 4961 2018 5061 Regien-

1259 5059 1360 5158 sem,
1394 5063 1496 5166 cujus
1529 5065 1703 5142 celebrem
1732 5063 1932 5241 Parnsilianpr
1948 5066 2018 5140 Ca-

1850 5191 1898 5242 no
1927 5191 1967 5240 ae
