4592 6066
160 991 163 998 ,
286 953 313 998 „
340 900 439 976 tione
475 919 660 976 extraneos
695 901 737 978 ad
773 929 813 981 ea
839 897 1046 1001 deposcere.

343 377 429 491 355
621 363 1108 462 urssrrrarro
1166 365 1573 464 uunacrrra:
1772 384 1864 495 ¹35,w

281 502 309 584 '„
336 495 405 566 rnis
421 487 583 571 adversita
598 491 709 570 hostes
723 492 925 570 defendere.
942 493 1041 566 Prae·
1089 491 1119 564 A

283 643 310 685 „
337 592 389 671 sul
415 601 500 672 verb
519 594 678 673 defureli
705 594 852 684 affines,
877 613 940 670 aut
965 591 1044 670 suos

285 745 311 788 „
337 697 491 770 malebat
515 697 722 774 vacantibus
750 698 877 772 Feudis
896 721 1044 795 augere,

285 851 310 896 ‚,
338 800 445 895 qulu
471 823 553 874 curn
586 799 658 875 acri
692 797 847 899 ipsorum
883 798 1045 896 indigna·

287 1055 313 1100 ‚,
340 1005 520 1078 Locus&
547 1001 773 1078 devolutioni
803 1022 901 1094 erat,
937 1027 1046 1098 quum

288 1102 420 1202 „quis
448 1102 515 1178 lide
543 1121 678 1204 praeter
697 1106 933 1205 juramentum
961 1102 1046 1202 poll·

288 1257 315 1302 ‚,
341 1203 482 1298 habiti,
517 1206 613 1305 quod
649 1205 695 1282 est
729 1205 829 1306 super
847 1233 953 1282 omne
979 1205 1048 1280 sce·

290 1359 317 1405 ‚,
342 1307 432 1398 lus,
469 1307 677 1384 rebellionis
716 1308 866 1384 crimine
905 1309 1048 1384 notaba-

289 1461 316 1508 „
342 1423 423 1509 tur;
460 1409 554 1508 quod
590 1409 716 1484 siarum
752 1409 953 1500 minuillet,
989 1437 1049 1509 po·
1093 1422 1120 1491 B
1165 1457 1190 1494 η

289 1510 564 1609 „tertiamque
607 1511 915 1612 Patriarchalem3
956 1511 1051 1609 quod

291 1664 318 1710 ,‚
344 1611 379 1686 ei
406 1613 551 1710 parasset
577 1610 744 1712 insidias3
772 1613 866 1711 qubd
884 1633 1051 1686 evocatus

292 1710 384 1810 „in
419 1711 485 1786 hae
519 1713 643 1788 saltem
679 1716 740 1786 ord
766 1740 862 1788 arma
897 1712 1052 1804 sumere,

292 1868 319 1912 ‚,
346 1813 404 1886 rel
431 1812 632 1912 Principem
660 1813 835 1914 suppetias
861 1815 1050 1916 imploran-

293 1967 320 2014 „
347 1929 420 1988 tem
448 1939 512 2012 pro
535 1913 624 1991 statu
650 1915 823 1992 Ecclesiae
848 1916 1053 1992 conseruan-

295 2070 320 2114 „
347 2013 393 2090 dn
420 2033 627 2116 protegere,
662 2020 698 2092 δε
734 2016 880 2094 devita
916 2017 1054 2094 sortasse

295 2171 320 2214 „
348 2115 610 2213 periclitantem
631 2119 786 2218 eripere,
801 2120 968 2207 dellinatd
984 2147 1054 2194 ma·

296 2271 322 2316 ‚,
349 2216 431 2292 titia
457 2219 711 2312 coutcmsrffet,
746 2247 856 2318 quum
884 2222 1054 2296 Valsallo·

297 2345 427 2414 „rum
455 2317 646 2420 praesidio,
673 2319 736 2419 qui
764 2322 885 2396 animo
909 2321 975 2398 fint
998 2321 1055 2400 n'e·
1096 2327 1127 2398 C
1170 2369 1195 2406 „

298 2448 419 2520 „que
454 2447 584 2520 aegro,
623 2449 736 2521 neque
777 2450 899 2522 parum
935 2421 1060 2516 fideli,

298 2581 324 2621 ‚,
350 2541 427 2598 tota
454 2521 525 2596 sere
561 2522 711 2620 pendeat
747 2525 925 2624 Principis
960 2525 1059 2598 inco·

299 2684 325 2723 „
352 2623 519 2702 inmites.
547 2622 689 2720 Quibus
713 2625 844 2700 calibus
862 2626 901 2700 in
923 2627 1059 2702 demor-

295 2769 325 2824 «,‚
351 2732 406 2805 tui
444 2745 504 2802 aut
540 2726 681 2802 rebellis
718 2728 836 2802 locum
861 2726 906 2802 ad
933 2751 1060 2802 uacan-

299 2883 324 2925 „
350 2833 402 2906 tia
438 2829 555 2904 Feuda
589 2827 767 2928 deligebat
802 2853 1061 2928 quemcumque

300 2983 326 3024 ‚,
353 2930 493 3006 Praesul
519 2927 592 3028 ipse
618 2928 831 3000 venerabilis
859 2929 1058 3044 digniorem

300 3081 327 3127 ‚,
353 3031 485 3127 fibique
511 3023 790 3100 commodiorem
817 3025 1059 3100 existimasset.

302 3181 328 3228 „
355 3137 432 3209 Nec
459 3127 616 3200 feudum
646 3124 753 3198 modo
779 3123 933 3224 cujusvis
959 3150 1060 3226 gene·

304 3281 329 3326 „
355 3232 426 3322 ris,
461 3227 577 3302 statim
605 3223 668 3299 ubi
702 3223 815 3298 faetus
850 3223 964 3300 suerat
990 3249 1060 3298 cer·
1101 3249 1131 3315 ι)
1175 3275 1200 3312 ,,

305 3381 330 3428 „
356 3332 450 3422 tior,
469 3323 660 3404 rebellibus
679 3324 878 3418 auferebat,
906 3325 962 3400 sed
984 3350 1061 3426 pro·

304 3483 330 3527 „
356 3431 495 3532 prium,
522 3429 662 3526 quando
689 3425 860 3500 nimirum
888 3425 1062 3528 fregerant

302 3583 329 3629 ‚,
354 3531 620 3640 jusjurandum,
656 3531 691 3602 δι
717 3526 853 3602 τοδὶυιπ
879 3529 1062 3631 legaleque

304 3685 329 3730 ‚,
357 3633 516 3710 Domino
553 3629 713 3706 officium
744 3629 911 3704 exhibere
945 3632 1062 3730 negle-

305 3783 331 3831 ‚,
355 3751 508 3823 nerant,
543 3759 648 3831 quem
675 3757 758 3805 non·
784 3729 911 3826 absque
938 3733 1064 3832 magni

305 3885 331 3930 ‚,
357 3833 543 3938 prudentii
561 3833 749 3908 addufilum
769 3831 1001 3924 crediderim,
1025 3853 1065 3906 ut
1110 3907 1115 3912 .

306 3987 332 4034 ,,
358 3929 614 4038 λ’ρηεῐῖιιηάο
648 3933 711 4008 srbi
751 3933 849 4012 redo
888 3934 1065 4032 legalique

305 4087 331 4135 „
356 4038 478 4116 officio
506 4034 654 4110 Refiium
681 4037 715 4108 δι
742 4037 875 4135 Legale
907 4035 1063 4110 Feudum

306 4191 332 4238 „
358 4137 565 4244 appellarit.
592 4141 669 4236 Ego
696 4135 839 4235 quidem
867 4135 980 4211 scribo
1006 4165 1066 4214 ve·
1107 4155 1137 4224 Ε
1172 4191 1197 4228 ,,

305 4287 331 4338 „
356 4271 417 4332 ra,
443 4243 477 4314 sc
505 4265 548 4312 co
574 4236 716 4336 quidem
745 4235 912 4330 consilio,
940 4257 980 4313 ut
1005 4266 1063 4314 ne·
1172 4291 1198 4331 „

306 4391 332 4440 „
357 4346 493 4419 minem
523 4337 658 4440 prorsus
685 4340 843 4430 laedam,
870 4342 905 4413 δι
932 4339 956 4414 sr
983 4337 1063 4416 scri·

308 4463 420 4548 „pta
456 4441 627 4544 publica,
667 4443 686 4513 ὲ
721 4439 849 4538 quibus
884 4442 1064 4543 decerpo,
1173 4493 1199 4531 ‚,

307 4595 333 4642 ‚‚
359 4546 512 4619 veritate
546 4542 736 4632 nituntur,
773 4539 858 4616 fides
885 4569 961 4618 mea
996 4543 1062 4617 im·
1173 4593 1200 4634 „

307 4697 332 4742 ‚,
360 4645 522 4746 probari,
557 4661 618 4719 aut
654 4641 806 4718 accusari
832 4669 904 4718 non
941 4643 1064 4744 possit.
1175 4695 1200 4735 „

307 4753 407 4844 „Et
443 4775 506 4822 cur
537 4743 742 4836 accusetur,
777 4741 803 4816 si
838 4747 978 4820 Scribae
1004 4773 1062 4846 pu·
1174 4799 1201 4836 „

309 4909 334 4946 „
360 4849 449 4924 blici
490 4846 556 4922 fint
595 4847 783 4936 rudiores,
827 4847 986 4942 quibus,
1026 4865 1067 4924 ut
1173 4899 1200 4936 ,‚

309 5009 334 5047 ,‚
360 4957 441 5106 Jurp
476 4949 673 5054 pullulant,
708 4946 996 5046 acquiescendum
1032 4976 1065 5028 e·
1126 4967 1130 4972 '

308 5109 333 5149 ῃ
359 5055 434 5130 sit·
1175 5099 1200 5138 η

1162 543 1259 636 Quod
1274 561 1331 637 prr
1345 541 1541 614 rebellionem
1558 543 1643 616 lorus
1655 541 1727 640 effer
1739 547 1904 623 vacationi
1912 603 1922 621 .

1212 747 1238 783 „
1265 696 1477 772 MCCLVI.
1502 694 1633 770 ottavo
1659 695 1740 772 Idus
1766 698 1923 791 Martii,

1163 847 1189 886 „
1217 797 1392 870 Ulvinum
1429 796 1690 896 Sbrojavacha,
1726 825 1924 898 proponen-

1162 951 1188 989 „
1216 913 1250 970 te
1287 901 1344 972 vel
1380 896 1563 972 accusante
1603 899 1722 998 potius
1758 900 1922 1000 Asquino

1163 1051 1189 1090 „
1217 998 1374 1090 Varnio,
1402 1001 1423 1072 b
1447 1000 1639 1074 Bertholdo
1666 1001 1807 1091 Feudo,
1844 1030 1924 1102 pro.

1163 1153 1188 1191 „
1216 1099 1363 1198 prioque
1398 1101 1606 1202 dejcslum‚
1641 1102 1816 1192 Johannes
1851 1109 1926 1180 Lu·

1162 1255 1189 1292 „
1217 1201 1315 1301 picus
1342 1200 1466 1276 resert.

1217 1357 1242 1394 ,‚
1269 1306 1555 1380 MCCLXVIII.
1589 1305 1722 1382 osiavo
1758 1307 1840 1382 ldus
1868 1313 1927 1384 Se·

1218 1405 1420 1504 ptembris,
1464 1409 1631 1496 Conrado
1671 1409 1869 1486 Valvasone
1904 1413 1925 1486 b

1167 1559 1192 1596 „
1218 1507 1393 1606 Gregorio
1428 1505 1527 1582 suille
1563 1512 1680 1585 ablata
1718 1513 1835 1603 bona,
1871 1511 1926 1586 uti

1167 1635 1279 1698 „reo
1306 1608 1557 1706 perduellionis
1584 1607 1700 1704 iasio,
1727 1614 1927 1711 traditaque

1168 1761 1192 1800 ,‚
1219 1710 1545 1884 ‘iglalterpertboldo
1589 1713 1926 1818 Spellimbergenfi‚

1168 1861 1192 1900 „
1219 1837 1232 1884 r
1258 1837 1334 1886 cm.

1219 1965 1244 2004 „
1271 1915 1532 1988 MCCCXXX.
1558 1915 1686 2014 quinto
1714 1917 1795 1994 Idus
1818 1917 1931 1994 olto·

1168 2066 1192 2104 ,‚
1221 2013 1320 2104 bris,
1358 2017 1550 2090 Nicolaum
1583 2019 1618 2090 &
1655 2022 1824 2110 Jacobum
1860 2020 1930 2094 sra-

1168 2167 1193 2204 „
1220 2132 1290 2190 tres
1318 2117 1539 2191 Purcilianos
1565 2119 1584 2192 l
1613 2121 1837 2214 Patriarcba,
1864 2123 1928 2220 qui

1169 2268 1194 2305 „
1221 2215 1473 2314 perduellionis
1492 2218 1584 2316 ipsos
1604 2221 1842 2318 judicaverat,
1867 2225 1932 2296 bn·

1223 2316 1277 2390 nis
1308 2318 1520 2392 Fcudalibus
1556 2318 1775 2420 propriisque
1812 2325 1931 2428 priua·

1170 2470 1196 2508 „
1223 2435 1303 2518 tos3
1340 2446 1403 2494 nec
1438 2445 1511 2494 non
1545 2425 1820 2497 Gueccellonem
1857 2428 1932 2500 He·

1172 2520 1360 2610 „berardi
1399 2519 1516 2596 filium
1554 2523 1597 2596 ad
1637 2549 1677 2598 ea
1712 2525 1834 2600 omnia
1874 2526 1934 2600 de·

1171 2673 1196 2710 „
1223 2619 1378 2696 sumtum
1405 2621 1531 2712 fuisse,
1556 2624 1794 2702 Gubertinus.

1222 2776 1248 2813 ,‚
1276 2727 1535 2800 MCCCXXX.
1571 2722 1723 2824 septimo
1758 2727 1931 2803 Calendas

1172 2879 1198 2916 „
1225 2823 1470 2915 Novembris,
1507 2823 1700 2901 Nicolaum
1728 2829 1865 2904 Mureti
1892 2829 1934 2902 fi.

1172 2981 1198 3016 „
1225 2927 1316 3002 lium
1344 2925 1386 3002 de
1410 2926 1611 3018 Metbuna,
1637 2929 1844 3004 rebellionis
1871 2957 1936 3004 no-

1174 3079 1200 3113 „
1229 3026 1326 3100 mine
1362 3045 1552 3120 notatum,
1587 3031 1738 3122 feudo,
1774 3033 1936 3134 proprio·

1175 3175 1200 3212 „
1225 3148 1294 3218 que
1322 3123 1524 3223 privatnm3
1551 3131 1587 3200 δι
1607 3133 1841 3222 Aymerirum
1863 3139 1936 3208 Ru·
2018 3187 2020 3190 -

1226 3220 1317 3320 gerii
1346 3225 1499 3316 Petoyae
1533 3224 1650 3298 lilium
1677 3229 1757 3328 ipsis
1784 3233 1935 3310 honora.

1175 3376 1199 3412 „
1228 3341 1327 3440 tum,
1353 3319 1394 3395 in
1420 3321 1514 3396 Asia
1540 3325 1682 3424 publica
1707 3331 1857 3406 relatum
1884 3339 1936 3410 le.

1175 3478 1199 3514 ‚,
1225 3449 1362 3524 gemus.

1222 3579 1248 3616 ‚,
1274 3528 1589 3602 MCCCXXXVI.
1624 3525 1764 3602 decimo
1803 3535 1935 3608 Calen-

1172 3683 1196 3720 „
1223 3627 1283 3700 das
1302 3626 1466 3726 Aprilis,
1492 3631 1748 3728 Hermagoram
1773 3632 1933 3711 Phoebu-

1172 3784 1196 3822 „
1224 3727 1357 3818 sanum,
1382 3727 1576 3818 Johannem
1603 3733 1816 3823 Furiarum,
1844 3738 1934 3808 Pan·

1173 3857 1408 3928 „ceramque
1454 3831 1649 3906 Turrianos
1694 3835 1770 3933 pari
1821 3839 1933 3912 caussa

1172 3989 1197 4024 „
1224 3931 1486 4006 damnationem
1513 3932 1655 4019 tulisse,
1683 3961 1746 4009 nec
1770 3961 1841 4010 non
1861 3941 1933 4013 Ca·

1172 4089 1197 4128 „
1221 4033 1420 4123 liclluto,·
1443 4031 1591 4130 aliisque
1632 4035 1758 4110 Feudis
1794 4039 1814 4110 b
1850 4041 1934 4113 Ber.

1223 4136 1350 4212 trando
1390 4131 1581 4230 depulsos,
1625 4137 1661 4207 bc
1704 4137 1855 4236 propriis
1891 4139 1935 4212 sr-

1213 4238 1323 4324 mul,
1350 4233 1566 4310 Gubertinus
1593 4235 1763 4311 ostendit.

1224 4391 1250 4428 „
1276 4339 1525 4412 MCCCXL.·
1547 4335 1647 4412 Aliis
1692 4337 1932 4438 Caporiacis,

1225 4436 1289 4536 qui
1325 4434 1420 4539 juliis
1447 4436 1668 4513 Patriarcbae
1703 4440 1934 4540 pertinaciter

1225 4539 1498 4658 repugnassent,
1537 4537 1686 4660 inullam
1725 4543 1933 4620 rebellionis

1226 4659 1385 4818 lllla
1410 4642 1934 4839 satilli⁰sl¹i2u⁶sificil

1227 4843 1384 4918 bertinus
1410 4843 1587 4921 declarat.

1225 4999 1250 5036 „
1276 4947 1594 5022 MCCCXLVHL
1620 4961 1747 5042 quarto
1773 4945 1855 5020 Idus
1873 4950 1932 5023 Se·

1227 5044 1397 5143 ptembris
1408 5099 1420 5136 ,
1447 5045 1673 5145 Rodulphum
1692 5049 1728 5122 δι
1748 5045 1870 5120 fratres
1888 5047 1932 5128 de

1232 5147 1264 5216 Z
1316 5169 1338 5217 2
1744 5198 1770 5236 „
1798 5149 1883 5224 Por·
1931 5153 1951 5196 ⁸
