4592 6066
357 371 443 472 4⁶5
656 357 1554 448 ntssnrtrurtonoourctun
1790 374 1878 470 4⁶⁶

417 591 620 683 Institutio
650 595 918 686 cancellariae
949 599 1158 686 Romanae
1189 595 1298 712 super
1327 592 1582 710 petitionibus
1611 592 1748 682 dandis
1777 597 1818 680 bt
1878 658 1884 668 .

512 726 516 736 ’
722 718 973 836 recipiendis,
1002 719 1157 806 circiter
1186 723 1352 802 Annum
1390 743 1515 802 1220.
1584 729 1586 732 ’

346 977 383 1046 Ν
407 976 530 1048 numine
554 977 620 1052 Dei
643 985 764 1058 aetnni
799 985 843 1055 (θ’
877 986 1059 1061 salvatoris
1082 986 1149 1058 ¹A²
1173 982 1377 1078 Repudiatas
1395 999 1500 1052 autem
1518 1005 1578 1050 non
1602 977 1782 1076 praesumat
1801 981 1934 1054 ulterius

360 1081 444 1168 Jesu
469 1081 588 1168 Christi
602 1136 611 1155 .
639 1091 770 1158 Amen.
796 1089 918 1160 Nullus
936 1093 1060 1164 omnino
1145 1083 1369 1181 ¹Wlfflin,
1397 1081 1459 1166 'ilfi
1483 1087 1569 1178 apud
1592 1083 1762 1154 D⁰m¹i¹⁰m
1787 1088 1931 1180 Pupam,

296 1179 454 1250 Notarius
484 1183 653 1277 petitiones
686 1190 843 1285 recipiar,
879 1190 942 1275 nist
982 1221 1060 1289 quae
1167 1186 1271 1282 primo
1298 1188 1340 1254 (9
1360 1183 1494 1274 secundo
1521 1185 1565 1254 (9·
1591 1183 1683 1254 tertio
1702 1183 1931 1280 supplicando,

290 1277 415 1366 suerint
453 1281 487 1351 in
517 1287 671 1357 communi
694 1295 774 1363 dati
809 1313 969 1386 receptae,
1005 1299 1061 1366 vel
1168 1287 1260 1383 p0ffi5
1281 1286 1425 1382 gratiam
1453 1284 1616 1357 ἷηῡθηῖῒθ·
1991 1301 1994 1310 ’

294 1403 376 1474 quas
401 1383 559 1454 Dominus
583 1393 676 1485 Papa
695 1392 887 1482 tradideris,
914 1415 971 1466 aar
997 1399 1057 1468 ali.
1222 1392 1301 1460 Item
1327 1409 1413 1456 nemo
1435 1409 1492 1482 per
1516 1385 1617 1458 alium
1652 1383 1820 1481 petitiones
1854 1385 1931 1481 offe.

294 1479 368 1574 quis
406 1485 632 1558 Cardinalr'nm
645 1517 661 1560 .·
707 1493 902 1590 Capelianus
942 1523 1060 1593 petoque
1170 1511 1222 1560 rat
1246 1491 1302 1558 vel
1324 1510 1486 1583 procures,
1522 1514 1575 1558 nee
1608 1487 1771 1584 quasquam
1802 1488 1931 1582 petitio.

293 1581 350 1650 vel
375 1584 576 1658 Cumerarius
603 1589 681 1684 (sed
706 1615 813 1664 rreum
832 1594 903 1680 fine
925 1603 1054 1670 manda.
1169 1616 1223 1659 nes
1248 1591 1380 1661 alterins
1406 1589 1580 1683 offirendas
1617 1595 1671 1660 vel
1704 1588 1930 1682 promovendas

295 1698 328 1748 ²⁰
354 1684 487 1756 D0Mil¹l
511 1694 644 1792 Papae)
673 1694 721 1767 ita
755 1715 792 1766 ut
825 1682 934 1792 quum!
955 1705 1053 1772 Nota·
1168 1686 1321 1780 assumat.
1348 1692 1412 1760 Sed
1437 1689 1571 1783 quilibet
1596 1689 1651 1760 boc
1679 1687 1784 1777 saciat
1807 1711 1863 1785 per
1891 1691 1929 1782 se

296 1781 365 1851 rius
389 1786 504 1880 regerit
530 1789 633 1882 illas,
659 1795 767 1889 dicat,
802 1799 873 1894 quis
908 1825 961 1871 eas
989 1801 1085 1910 fibi,
1170 1791 1296 1886 ipsum,
1325 1791 1387 1875 ulfi
1406 1790 1490 1880 im?
1508 1789 1555 1874 sti
1586 1789 1735 1881 filbllmls
1773 1791 1927 1884 ierim,

290 1883 488 1977 ¹recipiendas
514 1895 709 1969 mandavit.
1101 1887 1144 1975 Bi
1167 1917 1246 1986 quae
1260 1915 1317 1988 per
1334 1913 1448 1962 eertum
1476 1893 1519 1962 (J
1545 1891 1687 1962 idoneum
1706 1892 1866 1962 Nuntium
1892 1893 1928 1964 id

344 1988 427 2056 trem
446 1990 555 2062 nullus
573 1995 750 2088 Notarius,
770 1999 947 2092 Baliares,
976 2009 1053 2074 Bru.
1166 1996 1305 2064 decenter
1331 1995 1373 2064 Θ
1391 1993 1511 2079 bonesie
1527 2007 1686 2088 procuret.
1712 1991 1859 2062 Liberum
1876 2016 1927 2064 ta.

292 2082 422 2176 viator,
458 2110 516 2160 aut
549 2099 689 2192 Scriptor
724 2101 892 2196 petitiones
926 2105 1054 2202 aliquas
1167 2121 1234 2164 men
1266 2094 1314 2180 fit
1348 2093 1499 2182 cuilibet,
1531 2093 1721 2188 proprium,
1749 2089 1785 2177 st
1817 2091 1927 2188 necesse

287 2192 518 2280 promovendas
536 2192 693 2288 assumar,
720 2199 782 2284 „1st
803 2203 972 2296 proprias,
995 2227 1053 2275 m
1159 2193 1282 2283 suerit,
1302 2189 1519 2287 intercessorem
1542 2195 1673 2284 babere,
1694 2192 1828 2265 maxime
1842 2200 1925 2265 Car.

289 2285 583 2384 ”nsangulntvtuttt
610 2303 765 2396 suorum,
791 2303 847 2372 vel
865 2301 1052 2398 specialium
1163 2295 1329 2367 dinalem.
1366 2301 1475 2387 Quum
1514 2317 1618 2366 autern
1653 2315 1744 2365 notas
1777 2294 1925 2366 tortellas

287 2385 483 2488 amicorum3
511 2419 591 2490 quas
624 2420 729 2474 tamen
765 2429 826 2473 non
860 2403 923 2476 alii
956 2411 1051 2503 quim
1162 2395 1334 2492 acceperit,
1348 2393 1418 2480 fine
1435 2393 1592 2466 dilatione
1603 2393 1707 2484 saciat
1731 2419 1784 2465 eas
1802 2392 1923 2488 scribi,

287 2488 425 2560 Domino
450 2497 559 2590 Papae
593 2500 707 2596 offerar
730 2503 970 2578 admirandas:
991 2508 1052 2599 sed
1163 2497 1208 2567 (9⁹
1234 2497 1372 2594 scriptas
1396 2495 1538 2568 bullari:
1565 2497 1608 2566 θ
1630 2495 1791 2592 poslquam
1816 2497 1923 2569 bulla·

286 2585 389 2680 efficio
430 2593 490 2686 suo
521 2595 569 2681 fir
617 2601 826 2700 unusquisque
863 2627 1047 2684 causemur,
1162 2617 1214 2674 tat
1230 2598 1405 2696 acceperit,
1426 2622 1486 2666 non
1510 2595 1612 2686 saciat
1636 2605 1764 2692 longam
1783 2623 1921 2688 morans,

285 2690 485 2792 ¹Quicumque
509 2705 584 2772 verb
615 2704 847 2800 praeditione»,
879 2707 1047 2802 deprehen.
1155 2699 1213 2789 sed
1229 2700 1393 2796 expeditus
1409 2701 1452 2771 ad
1467 2707 1597 2794 propria
1613 2717 1809 2770 revertatur.
1836 2699 1922 2795 Qui.

277 2791 337 2883 sus
356 2793 458 2880 suerit
476 2821 584 2873 contra
603 2801 707 2896 secrffe
721 2861 732 2895 ,
752 2803 851 2897 efficii
869 2807 926 2900 sui
950 2809 1046 2902 amis.
1088 2819 1121 2892 c
1161 2826 1287 2897 cumque
1311 2805 1385 2872 vert
1409 2799 1629 2896 praesumserit
1653 2819 1759 2870 eontra
1784 2802 1920 2890 venire,

279 2889 399 2974 sionem
426 2893 588 2968 incurrat.
1159 2925 1263 2972 eareat
1282 2929 1343 2972 non
1351 2901 1456 2992 solium
1476 2897 1674 2995 impetratis,
1694 2901 1806 2970 verim
1825 2901 1921 2974 etiam

337 2991 462 3062 Nullus
494 2995 663 3090 petitiones
690 2997 878 3091 sublimium
899 3000 1045 3095 persrua.
1162 2997 1391 3089 impetrandis,
1410 3001 1454 3069 (9·
1471 3001 1557 3072 aliar
1563 3001 1736 3094 facundiam
1752 3002 1921 3076 arbitrium

285 3111 377 3180 tunt,
404 3111 441 3164 ut
468 3091 615 3191 Regum,
634 3103 781 3192 Ducum,
798 3101 1047 3196 Marcbionum,
1160 3097 1286 3166 Summi
1310 3095 1480 3186 Pontificis
1501 3103 1683 3193 puniatur.

285 3192 466 3284 Comitum,
492 3197 549 3268 vel
583 3205 774 3290 Baronum,
808 3201 1045 3300 Acbiepiscopn.
1211 3201 1262 3294 Ne
1286 3196 1358 3292 quis
1382 3215 1488 3268 autem
1515 3223 1552 3266 ese
1587 3199 1770 3295 ignorantia
1795 3204 1921 3290 arealis·

286 3317 384 3385 runt,
412 3297 659 3395 Episcoporum,
685 3305 876 3394 hiatum,
909 3309 1048 3378 Derane.
1161 3323 1231 3368 nem
1249 3297 1383 3395 accipiat
1408 3296 1443 3368 in
1465 3297 1621 3394 peccatis,
1641 3298 1763 3394 semper
1781 3304 1816 3372 in
1842 3332 1921 3375 conr.

285 3419 382 3487 eum,
417 3400 750 3493 Arebidiasonorum,
782 3424 841 3478 aut
870 3405 1051 3498 hujusmodi
1159 3397 1250 3470 muni
1274 3400 1395 3494 recepti
1420 3399 1545 3494 legatur
1568 3400 1623 3471 boc
1655 3400 1840 3496 Scriptum,
1876 3407 1921 3474 Θ·

280 3497 510 3594 personarum,
538 3525 618 3598 quae
643 3507 803 3602 proprium
828 3505 1051 3598 consueverunt
1152 3497 1222 3586 lint
1245 3499 1421 3597 praesentes
1446 3499 1605 3592 Notarii,
1640 3501 1839 3597 Scriptores,
1876 3506 1921 3576 (9·

282 3599 396 3678 habete
415 3599 585 3698 sigillum,
609 3607 733 3680 exibeat
756 3607 791 3679 in
814 3609 896 3680 dati
918 3635 1048 3682 commu.
1157 3603 1365 3692 Bulldtotes,
1390 3623 1428 3673 eti
1452 3603 1497 3674 aci
1517 3601 1806 3697 deprehendendam
1826 3605 1920 3696 stau·

282 3703 341 3789 ni,
377 3701 440 3785 nist
475 3705 602 3778 Lireras
626 3733 729 3780 corum
760 3729 886 3805 propter
919 3711 974 3782 bre
1000 3711 1045 3798 fi.
1085 3723 1120 3794 1)
1156 3706 1226 3776 dem
1251 3703 1424 3800 diligenter
1448 3723 1556 3774 nutent
1592 3703 1760 3800 personas,
1787 3707 1831 3778 θ’
1863 3709 1920 3778 de.

277 3801 420 3898 gillatas
441 3803 600 3890 oslendat.
626 3815 754 3882 Caveat
776 3830 882 3882 tamen
898 3810 985 3899 sibi,
1010 3840 1049 3884 ne
1153 3805 1320 3903 prehensas
1344 3806 1380 3876 r'tt
1413 3804 1531 3894 fraude
1569 3815 1720 3902 delegant
1745 3807 1789 3878 (9·
1823 3806 1920 3896 osten·

275 3904 419 4001 proserat
435 3903 540 3994 salsas
564 3908 718 3983 Literas:
744 3911 821 4008 quia
842 3913 1048 4006 deprehensus
1155 3906 1301 3994 dans‚fi
1314 3906 1453 4004 proeium
1465 3907 1581 3978 volunt
1593 3908 1763 4002 periculum
1777 3909 1918 3984 evitare.

273 4025 409 4104 poenam
439 4005 572 4096 salsarir'
602 4037 663 4082 non
699 4017 837 4085 evadet.
872 4013 1046 4086 Perisioncs
1206 4011 1270 4084 Aa
1290 4009 1363 4081 baec
1381 4007 1415 4092 fi
1431 4031 1489 4114 pt?
1510 4005 1663 4101 iustitia,
1686 4011 1741 4080 vel
1759 4009 1919 4106 spiritua·

277 4126 383 4180 aretem
406 4107 572 4180 humilium
596 4113 640 4182 θ
662 4113 797 4184 maxime
820 4114 1044 4205 miserabilium
1155 4111 1183 4180 li
1201 4109 1323 4206 negotio
1339 4110 1561 4204 promovendis
1575 4106 1644 4200 fiat
1659 4109 1765 4206 paiiio
1785 4113 1841 4182 vel
1856 4136 1919 4182 eer-

273 4209 499 4308 persosarunt,
524 4212 622 4283 libere
654 4215 799 4312 porrigat
831 4219 875 4288 θ
896 4216 1045 4308 licenter,
1155 4231 1191 4282 ta
1214 4211 1402 4308 promiffitc
1428 4213 1510 4282 dam
1536 4210 1579 4282 θ’
1605 4209 1754 4307 recipient
1779 4214 1822 4284 ab
1846 4209 1919 4304 ⁰ffi·

277 4314 442 4384 dummodo
475 4313 716 4387 multitudinem
741 4318 949 4412 effraenatam
977 4319 1043 4391 eui·
1155 4313 1201 4384 cio
1227 4313 1271 4383 Ψ
1296 4309 1442 4402 beneficio
1463 4311 1699 4410 suspendatur,
1720 4311 1752 4398 st
1776 4313 1919 4386 Clericus

276 4431 346 4484 tet.
375 4421 489 4483 Omnes
519 4435 624 4488 samen
649 4419 838 4514 petitiones,
871 4447 950 4518 quas
972 4443 1043 4517 pro·
1150 4413 1277 4505 suerit,
1305 4415 1349 4483 ei*
1374 4413 1505 4510 offerens
1531 4413 1656 4510 insuper
1691 4435 1795 4488 careat
1821 4415 1919 4512 impe.

274 4516 450 4588 movendas
466 4513 629 4610 suscepit,
648 4519 749 4605 simul
770 4521 815 4592 θ
835 4521 932 4614 semel
956 4523 1043 4594 exbi-
1154 4515 1281 4588 tratis:
1307 4515 1423 4587 Laicus
1447 4521 1522 4586 verb
1548 4517 1845 4608 excommunicetur,
1873 4517 1918 4587 Θ

273 4619 349 4690 beat
372 4615 507 4712 scriptas
534 4619 567 4688 in
597 4647 662 4694 una
695 4623 829 4712 abana,
865 4625 921 4695 vel
947 4624 1042 4697 etiam
1081 4635 1111 4704 Ε
1154 4619 1193 4689 de
1219 4615 1319 4688 Curia
1342 4617 1461 4690 Litoris
1487 4617 1666 4714 impetratis
1685 4619 1840 4718 privatus
1865 4617 1917 4691 ni·

274 4720 311 4792 in
337 4718 476 4796 diversis
509 4723 672 4814 caulinis,
710 4744 746 4795 ut
771 4751 853 4796 unus
887 4726 1042 4798 Notarius
1123 4719 1324 4918 ,bitumina
1350 4721 1547 4818 repellatur.

123 4913 135 4924 .
266 4819 391 4920 semper
415 4821 530 4898 babeat
556 4851 659 4899 omnes
680 4825 852 4924 petitiones
877 4825 1039 4925 ejusdem.
1068 4809 1074 4920 Ι

1200 5127 1360 5228 Ggs
