4550 6072
456 335 542 446 '497
752 331 1163 455 ANTIQUIT.
1212 334 1677 428 MEDHAEVI
1880 343 1967 452 498

440 447 610 532 Jobannes
644 451 835 524 Cabalarius
867 453 996 544 juratus
1020 456 1102 530 dicit
1130 459 1157 531 i·
1199 461 1246 532 ΑΙ
1269 455 1360 538 eleba
1384 453 1499 528 Salffi
1523 456 1652 554 ngll
1675 457 1715 528 ‘l‘
1740 454 1891 530 T'lffm
1915 460 1948 528 'l'
1975 469 2031 530 ²²³

396 541 494 636 dem,
520 551 603 644 qnod
626 557 824 646 Stephanus.
844 561 893 628 Et
910 560 1161 657 addidit,quod
1265 555 1371 652 Pmll5
1397 556 1497 642 ''fil“
1520 558 1678 644 Essllllss·
1712 563 1764 630 DC
1794 557 1882 648 laih
1924 554 2032 654 Mulli

398 645 475 716 bene
505 669 564 746 per
597 653 735 746 triginta
770 681 871 726 annos
905 659 949 730 Θ
980 662 1076 758 plus.
1111 669 1159 734 Et
1270 659 1313 728 (9⁹
1341 660 1496 734 Melearie
1521 661 1704 758 respondit,
1723 660 1760 754 se
1785 659 1872 730 nibil
1891 660 1991 752 scire.

399 747 516 840 addit,
543 754 627 846 quod
644 745 753 824 Com‘es
771 761 861 828 debet
879 762 1021 854 amplare
1038 763 1083 838 Φ·
1107 766 1154 836 di·
1322 762 1483 834 Presbiter
1510 770 1625 836 Ancus
1658 760 1838 834 Canonisus
1862 761 1897 832 in
1933 763 2031 836 Plebc

397 847 539 942 strigare
564 853 664 926 vias.
700 859 779 928 Item
804 885 907 932 amnes
932 861 986 950 isli
1020 863 1055 936 e'n
1089 893 1156 938 eon.
1269 860 1420 934 Tricenta
1438 863 1569 959 juratus
1593 865 1672 936 dicit
1698 864 1806 952 idem,
1832 865 1916 960 quod
1934 864 2031 961 supe-

397 949 503 1020 bordin
527 951 676 1024 dixerunt
688 981 705 1024 .·
730 963 782 1049 De
806 963 978 1040 venatione,
1004 963 1097 1056 sabla
1123 967 1157 1040 in
1270 962 1352 1038 llll·
1376 968 1428 1046 Et
1451 967 1546 1038 add&
1579 969 1602 1036 d
1636 965 1873 1062 qulnqudglnld
1905 966 2004 1036 Μ)
2016 1016 2029 1040 ·

399 1075 517 1121 nemore
543 1053 689 1150 Glazani
701 1111 712 1146 ‚
733 1063 891 1134 Dominus
909 1057 1081 1162 Episcopus
1103 1071 1153 1142 de.
1272 1063 1391 1155 Dicit·,
1429 1069 1512 1163 quod
1541 1067 1631 1138 vidit
1667 1070 1708 1139 de
1745 1072 1845 1136 Portos
1879 1067 2030 1140 Tricenta

396 1149 447 1244 bct
472 1149 584 1224 babere
608 1159 767 1232 anteriora
792 1165 960 1262 Cenglarii
983 1171 1079 1240 causd
1105 1171 1156 1242 bo·
1270 1165 1456 1264 Episcopum
1480 1170 1593 1240 babere
1626 1169 1671 1240 D·
1704 1189 1807 1238 tenere
1830 1165 1954 1262 semper
1986 1169 2029 1243 ab

398 1250 507 1354 noris.
544 1259 605 1358 Et·
627 1257 712 1334 haec
751 1261 905 1339 dicimus
939 1269 960 1340 b
999 1287 1157 1364 tempore
1269 1269 1373 1338 eodem
1397 1289 1549 1366 tempore.
1583 1271 1653 1342 Sub
1691 1271 1795 1339 eodem
1829 1267 2029 1358 Millefimo,

397 1351 511 1427 nostre
557 1359 843 1440 recordationis.
892 1361 1158 1447 Mchxxn.
1203 1362 1244 1432 3¹
1268 1367 1379 1440 vllavo
1403 1370 1457 1442 dit
1483 1371 1623 1446 iollam
1642 1369 1755 1464 M⁶⁸l²
1770 1373 1802 1461 J
1803 1369 1953 1460 m‘llllr
1971 1373 2030 1444 1¹¹·

397 1449 498 1528 sexto
525 1455 582 1532 die
617 1461 773 1540 intrante
807 1467 931 1546 Mense
965 1474 1158 1567 Ianuario,
1269 1467 1392 1542 ‘illiont
1418 1476 1490 1546 XV·

398 1554 600 1634 ludinione
629 1567 708 1654 XV.
924 1637 929 1646 ,
1320 1573 1428 1668 Pin<o
1447 1571 1579 1667 juratus
1602 1573 1683 1648 dieis
1695 1601 1717 1662 s
1740 1574 1824 1670 quod
1847 1575 1870 1646 b
1894 1592 2028 1670 tempore

449 1657 608 1756 Albertus
638 1661 770 1756 juratus
808 1669 919 1761 dieit;
952 1678 1036 1772 quod
1067 1677 1159 1750 vidit
1269 1696 1329 1768 quo
1353 1676 1553 1765 recordatur,
1589 1677 1672 1772 quod
1704 1676 1786 1746 dicit
1820 1671 1877 1766 esse
1901 1679 1924 1745 b
1948 1699 2028 1770 qua-

398 1759 588 1858 Episcopum
623 1769 797 1859 Ferreae,
832 1799 951 1846 omnem
984 1777 1158 1864 alstemum
1267 1775 1423 1871 draginta
1446 1777 1542 1848 annis
1568 1778 1613 1848 D·
1635 1779 1730 1872 plus,
1757 1776 1855 1848 ¹vidit
1888 1775 2029 1846 homines

398 1861 442 1930 D
467 1887 585 1934 omnem
609 1868 752 1940 bonorem
776 1872 888 1944 babere
913 1876 948 1946 in
982 1877 1158 1951 bominibus
1268 1876 1418 1973 Episcopi
1442 1877 1591 1949 Ferrarls
1617 1879 1652 1948 ln
1678 1873 1787 1971 Malla
1809 1871 1960 1968 drslringi
1981 1882 2026 1944 θ’

394 1963 437 2039 de
462 1963 635 2064 Tricenta.
663 1973 729 2040 Nec
753 1971 869 2062 vidit,
895 1977 980 2071 quod
1001 1981 1159 2072 praedille'
1268 1977 1440 2070 bandigari
1461 2000 1519 2074 per
1543 1979 1731 2074 Episcopum
1755 1975 1901 2050 Ferrarie
1920 1976 1954 2046 in
1980 1974 2027 2046 ci·
2170 2006 2177 2018 ’

395 2059 534 2140 domines
559 2066 821 2164 dislrr'ngerentur
839 2095 897 2170 per
922 2079 1064 2150 Nuntios
1090 2087 1155 2152 Do·
1267 2076 1390 2150 vilibus
1409 2079 1453 2149 Φ
1471 2079 1506 2149 in
1530 2080 1748 2152 criminalibus
1763 2099 1819 2173 per
1838 2076 1911 2168 suos
1930 2081 2026 2148 Nun·

395 2163 479 2234 mini
503 2172 613 2262 Pape.
642 2175 689 2240 Et
713 2173 816 2264 dicit,
842 2180 926 2272 quod
950 2184 1059 2250 Comes
1078 2181 1155 2271 soli·
1268 2177 1351 2270 cios,
1377 2179 1564 2268 videntibus
1589 2179 1726 2252 Nuntiis
1750 2178 1883 2252 Domini
1906 2183 2027 2272 >Papae

397 2281 449 2372 sus
475 2265 518 2352 ‘ll
542 2286 644 2340 tenere
669 2271 797 2362 Blacita
829 2277 998 2370 generalia
1031 2279 1081 2352 bis
1121 2282 1156 2352 in
1196 2263 1228 2334 C
1268 2277 1313 2348 0·
1338 2304 1400 2350 non
1425 2282 1724 2354 contradicentibus.
1759 2286 1827 2352 Nec
1850 2277 1943 2350 vidit
1978 2301 2028 2348 eos

395 2391 480 2438 anno
506 2365 540 2438 in
565 2371 628 2440 loeo
653 2371 797 2467 Trifente
830 2375 970 2472 expensio
1003 2381 1158 2454 Plebatus
1267 2379 1441 2474 bandizari
1462 2402 1520 2477 per
1536 2383 1677 2454 Nuntios
1694 2379 1830 2454 Domini
1847 2386 1961 2474 Papo:
1983 2377 2028 2450 δ’

394 2468 563 2542 Tricente.
591 2476 639 2544 Es
658 2469 692 2558 st
717 2473 835 2572 recusat
862 2478 1034 2578 Episcopus
1053 2482 1159 2572 sarcre
1265 2481 1503 2578 quinquaginta
1526 2483 1608 2554 anni
1630 2483 1732 2570 sunt,
1758 2479 1842 2574 quod
1867 2477 2030 2552 babitatot

396 2567 547 2641 rationem
586 2576 625 2644 de
657 2571 728 2666 suis
767 2577 972 2670 bominibus,
1011 2584 1158 2656 Nuntius
1265 2578 1308 2666 est
1343 2581 1377 2652 in
1413 2576 1548 2674 Massa,
1574 2605 1629 2650 nec
1661 2577 1747 2650 alibi
1785 2579 1901 2653 babuit
1934 2605 2028 2652 man·

396 2671 530 2744 Domini
554 2677 642 2770 Pape
668 2679 826 2772 compellit
851 2705 900 2752 tos
926 2681 1078 2755 rationem
1101 2683 1155 2774 sa·
1254 2678 1399 2762 stlnlm·

395 2797 483 2843 sere.
509 2778 557 2843 Et
578 2775 611 2859 fi
636 2777 755 2873 aliquis
782 2781 1018 2858 Arsimannus
1055 2785 1152 2872 dista·
1314 2783 1429 2849 Petrus
1453 2779 1493 2849 de
1520 2781 1621 2852 Paulo
1643 2777 1774 2873 juratus
1798 2776 1881 2862 dicit
1915 2777 2021 2870 idem,

396 2871 471 2942 lecit
496 2875 608 2943 venire
634 2876 791 2972 usquead
815 2907 901 2954 oram
918 2885 1156 2977 Tertiam‚vel
1263 2882 1345 2974 quod
1371 2881 1476 2971 Pinm
1509 2901 1565 2976 per
1601 2879 1863 2976 vigintiquinque
1899 2904 2025 2952 annos.

394 2971 509 3042 recedit
529 2971 600 3058 fine
625 2975 782 3072 lieentia,
817 2987 969 3082 componit
992 2969 1048 3084 pro
1077 2989 1155 3070 ban·
1266 2985 1314 3052 Et
1339 2979 1455 3066 addit,
1482 2981 1564 3076 quod
1577 2980 1714 3076 ipsemet
1751 2979 1853 3070 solvit
1888 2981 2029 3051 bannum

397 3097 437 3142 no
462 3093 582 3148 centum
608 3077 652 3148 (9⁶
677 3077 741 3152 otto
766 3084 906 3158 Blancos'
938 3089 1058 3160 Comici
1089 3077 1157 3162 Do·
1266 3081 1404 3154 Nuntiis
1436 3081 1570 3154 Domini
1603 3080 1774 3177 Episcopi.
1813 3084 2030 3176 Interrogatus

395 3173 478 3246 mini
501 3181 614 3276 Papo.
638 3185 693 3276 ¹De
717 3185 795 3256 aliis
821 3187 1031 3284 questionibus
1057 3191 1159 3264 inter.
1197 3175 1230 3244 D
1266 3187 1305 3256 de
1325 3183 1412 3272 sablo
1437 3183 1582 3257 Tricente
1609 3186 1652 3254 Φ
1688 3181 1849 3278 Melane,
1883 3181 1964 3253 dicit
1992 3176 2028 3274 se

397 3297 525 3376 togatus
551 3281 710 3378 respondit
726 3339 738 3374 ,
757 3287 794 3380 se
819 3289 905 3360 nibil
926 3289 1031 3383 seire.
1269 3285 1354 3356 nibil
1382 3284 1496 3378 [οἰνος
1530 3287 1569 3354 de
1602 3283 1827 3356 venationibus
1858 3281 1958 3370 saliis
1992 3281 2028 3352 in

449 3382 602 3476 Venatesa
632 3383 761 3476 juratus
786 3389 866 3464 dicit
892 3391 973 3464 idem
999 3393 1034 3466 in
1059 3394 1159 3466 ononi·
1270 3387 1444 3458 ntmvrlbm
1479 3385 1630 3481 Eplscvpl
1663 3383 1777 3476 dicit,
1813 3407 1884 3454 “lm
1915 3383 2029 3456 holm

396 3463 475 3570 bus,
502 3504 538 3556 ut
556 3485 732 3576 Alenus.
761 3495 810 3562 Et
830 3491 883 3577 isli
906 3491 1038 3586 dicunt,
1058 3495 1095 3588 se
1114 3494 1157 3587 es·
1269 3509 1362 3584 caput
1388 3489 1432 3556 θ
1453 3490 1548 3583 pedes
1573 3487 1761 3560 anteriores.

265 3679 266 3683 Ἰ
389 3583 427 3676 se
447 3582 606 3676 juratores
632 3590 768 3662 Domini
792 3591 971 3688 Sigisredi.
1324 3593 1457 3660 Ubertus
1482 3590 1521 3660 de
1556 3590 1725 3664 Caradona
1756 3583 1885 3678 juratus
1917 3584 2030 3676 dicits

438 3691 469 3776 J
471 3712 586 3762 oannes
623 3689 665 3760 de
698 3691 841 3764 Salluno
876 3691 1008 3786 juratus
1046 3696 1157 3786 dicit,
1271 3692 1353 3787 quod
1375 3691 1468 3766 vidit
1494 3691 1665 3764 Dominum
1691 3687 1878 3782 Episcopum
1912 3687 2031 3758 bandi.

396 3787 479 3882 qaod
503 3787 594 3858 vidit
617 3791 641 3858 d
666 3809 798 3889 tempore
816 3793 976 3889 Comitiffe
998 3798 1160 3869 Matildis
1273 3817 1347 3886 <are
1365 3793 1409 3864 (l
1427 3791 1611 3888 dislringere
1629 3790 1767 3862 homines
1787 3788 1861 3880 suos
1877 3789 1918 3859 de
1933 3785 2033 3880 Mas·

398 3885 588 3983 Episcopum
615 3893 761 3966 ferrario
786 3894 897 3966 babere
925 3898 969 3968 (9·
987 3917 1090 3970 tenere
1115 3899 1160 3970 δ’
1266 3895 1307 3987 sa
1334 3895 1369 3966 in
1394 3895 1536 3966 omnibus
1560 3889 1765 3982 malefitiisb
1791 3911 1945 3986 tempore,
1963 3913 2031 3986 uque

396 3983 582 4086 distringere
607 3991 745 4064 bomines
764 3995 838 4087 snos
863 3999 903 4069 de
928 3999 1101 4088 Triemta,
1120 4003 1161 4071 de
1273 3998 1483 4083 recordatur;
1507 3995 1552 4064 (θ’
1590 3993 1768 4066 recordatur
1803 4013 1861 4088 per
1893 3993 2034 4086 quadra·

392 4085 516 4182 surtis‚·
540 4093 581 4163 de
605 4095 797 4180 adulteriis,
824 4099 869 4170 (9¹
892 4102 932 4172 de
957 4101 1036 4174 aliis
1060 4101 1158 4174 ononi·
1200 4099 1228 4167 E
1270 4098 1367 4194 ginta
1404 4120 1531 4171 annos:
1570 4121 1623 4173 nec
1661 4094 1751 4166 vidit
1785 4119 1833 4164 eos
1877 4090 2029 4188 dislringi

397 4190 481 4288 bus,
507 4192 695 4268 videntibus
729 4199 869 4270 Nuntiis
904 4203 1039 4277 Domini
1073 4190 1179 4300 Pape'¹
1270 4222 1326 4295 per
1346 4203 1492 4271 Nuntios
1518 4195 1651 4270 Domini
1674 4201 1763 4290 Papo
1788 4219 1948 4290 unqum,
1976 4192 2034 4264 vr'·'

401 4293 445 4359 (9¹
469 4323 531 4367 non
556 4297 865 4390 contradicentibus.
893 4311 961 4378 Nec
977 4305 1068 4378 vidit
1090 4329 1161 4403 pre·
1272 4303 1420 4374 dentibus
1445 4297 1581 4372 Nuntiis
1606 4297 1738 4370 Domini
1763 4303 1873 4392 Papo,
1898 4295 1943 4366 θ
1968 4319 2032 4365 non

324 4483 326 4488 ι
397 4391 497 4464 dillos
522 4395 660 4468 homines
676 4399 828 4498 dislsingi
848 4425 907 4500 per
931 4408 1071 4480 Nuntios
1095 4414 1161 4481 Do·
1250 4399 1573 4476 eoneradieenn'bus.
1600 4405 1650 4472 De
1684 4398 1884 4490 Casamentis
1916 4392 2032 4470 santii

398 4492 481 4592 mini
504 4503 593 4591 Papo
605 4523 622 4568 .·
641 4499 686 4570 δ’
704 4500 826 4594 semper
844 4506 1011 4582 habitavit
1032 4510 1066 4580 in
1085 4510 1160 4580 Tri·
1274 4501 1418 4577 Martini
1443 4501 1543 4594 dicit,
1570 4502 1652 4598 quod
1673 4499 1760 4588 suere
1779 4495 1953 4596 intromissa
1975 4518 2033 4594 per

398 4621 512 4674 senta.
538 4605 589 4672 De
627 4607 728 4678 Postu
763 4607 908 4682 Tricente
946 4610 1049 4697 dicit,
1079 4612 1162 4706 qnod
1273 4603 1505 4695 Cardinalem,
1531 4601 1620 4696 tusus
1640 4628 1747 4674 nomen
1768 4601 1917 4698 ignorat,
1942 4623 2033 4698 qum

397 4703 549 4802 Episcopi
574 4703 641 4791 esl.
667 4710 719 4779 De
744 4735 864 4782 umore
888 4710 1034 4807 Glazani
1058 4710 1160 4802 dicit,
1273 4707 1371 4778 credit
1389 4705 1485 4800 suisse
1511 4705 1681 4778 Dominum
1708 4705 1933 4776 ildebrandum
1948 4757 1960 4794 ,
1975 4721 2035 4797 pet

394 4809 484 4903 ¹qnod
508 4813 617 4883 nullus
641 4809 738 4882 audet
764 4811 900 4884 incidere
916 4833 1024 4884 contra
1044 4813 1161 4884 nnlun·
1272 4815 1427 4897 Crucem,
1446 4827 1483 4878 nt
1500 4804 1652 4882 audivit.
1670 4807 1736 4878 Sed
1755 4805 1928 4901 Episcopus
1945 4802 2033 4894 sem·
2130 4903 2133 4910 .

395 4927 495 5002 tatem
520 4913 689 5017 Episcopi.
716 4920 766 4988 Et
790 4913 892 5005 dicit,
911 4916 994 5010 qnod
1020 4939 1081 4985 non
1105 4912 1159 4983 vi·
1269 4932 1326 5006 per
1359 4908 1484 5000 tenuit,
1519 4929 1556 4980 ut
1590 4907 1710 4980 credit.
1747 4911 1796 4978 Et
1827 4905 1934 4991 dicit,
1970 4902 2035 4974 illo

396 5009 447 5086 dit
471 5025 623 5100 Comitem
650 5019 785 5096 Domini
802 5023 891 5114 Papo
911 5015 1010 5116 recipi
1034 5019 1076 5089 ab
1096 5019 1159 5088 Ec·
1270 5011 1459 5108 Casamenta
1477 5005 1534 5108 esso
1550 5009 1665 5086 Sanlli
1681 5005 1850 5097 masal,
1867 5002 1961 5178 ῥιφαὶ,
1971 5025 2037 5086 ⁶¹⁶!

462 5119 463 5122 ’
1932 5129 1980 5176 r.
