4592 6066
322 422 413 509 ,37
614 363 1540 483 nissanmmonvonncmm.
1703 357 1834 508 '438

263 527 440 605 gratur,
475 535 537 611 per
563 512 761 586 Dominam
787 509 1025 604 Matrinum,
1066 511 1102 584 A
1139 561 1165 602 „
1189 506 1291 612 tnino
1318 507 1407 584 vita
1434 505 1584 584 Domini
1611 506 1789 600 Simonis,
1827 513 1900 584 Do·

264 663 292 706 „
317 611 399 686 vice
423 614 460 686 δι
485 613 631 688 nomine
664 611 770 712 ipsius
796 612 947 689 Domini
974 616 1026 686 A·
1140 662 1165 702 „
1192 607 1294 684 mino
1320 608 1593 684 Bartholomaeo
1628 609 1671 684 de
1701 609 1901 711 Aquaspar·

265 767 293 805 „
318 711 442 788 latrini
467 715 656 815 recipienti
681 741 746 814 pro
772 716 924 790 Eccicfla
957 718 1027 788 Ro·
1140 763 1166 802 „
1192 726 1251 801 ta,
1277 709 1489 786 Transcrico
1514 709 1684 803 Iohannis
1709 712 1899 813 Gregorii,

267 839 445 907 „-mana,
460 816 582 890 omnia
601 818 698 917 jura,
714 815 903 916 omnesque
917 814 1026 890 aiiio·
1141 811 1354 910 „Domino
1378 815 1510 904 Jacobo
1535 811 1742 906 Matthaei,
1768 817 1899 905 Jacobo
1960 823 1963 832 “

267 969 294 1008 ,,
321 942 383 990 nes
400 917 509 990 reales
520 925 540 1006 ‚¹
552 917 768 1018 personales,
789 919 917 1008 utiles,
936 917 1025 991 dire·
1140 911 1345 1006 „Domini
1370 913 1556 1004 Andreae,
1582 915 1618 987 δι
1642 913 1723 988 aliis
1742 916 1900 1012 pluribus

267 1069 295 1108 „
321 1015 417 1106 iias,
439 1016 588 1110 tacitas,
615 1021 650 1092 δι
670 1021 861 1118 expressas,
879 1045 971 1120 quas,
991 1019 1026 1091 δι
1140 1011 1166 1107 ,’,
1192 1013 1235 1090 ad
1260 1015 1329 1089 hoc
1356 1015 1493 1091 vocatis
1518 1018 1553 1089 δι
1580 1019 1712 1116 rogatis
1737 1015 1898 1094 testibus.

268 1171 295 1210 „
321 1143 411 1216 quae
422 1117 611 1212 habemus,
626 1123 684 1194 vel
702 1120 828 1197 habere
842 1120 1027 1210 videmur,
1190 1171 1216 1210 „
1242 1120 1320 1218 Ego
1354 1123 1469 1190 Petrus
1496 1116 1710 1212 sacrosaniiae
1735 1124 1900 1192 Romanae

267 1272 295 1311 „
322 1217 391 1292 live
410 1220 513 1294 nobis
532 1239 740 1314 competunt
760 1223 798 1297 in
817 1221 939 1298 Castro
953 1221 1026 1296 Mi·
1141 1217 1348 1308 „Ecclesiae
1386 1217 1572 1292 auiiorisasa
1605 1219 1791 1310 Notarius,
1831 1217 1899 1296 hoc

267 1371 294 1412 „
319 1319 467 1411 candae,
486 1321 745 1399 hominibus&
764 1325 845 1398 aliis
865 1321 934 1398 suis
953 1349 1024 1422 per·
1141 1373 1166 1411 „
1194 1319 1464 1395 instrumentum
1491 1321 1534 1394 dc
1560 1320 1726 1394 mandato
1750 1321 1900 1398 Domini
2045 1393 2047 1398 .

174 1461 177 1468 ·
267 1471 295 1513 „
320 1420 507 1515 tinentiis,
522 1423 701 1500 occasione
719 1429 787 1500 διε.
808 1424 1026 1524 (utsupra.)
1071 1419 1100 1490 Β
1142 1473 1167 1512 ,,
1194 1421 1379 1499 Benediiii
1414 1423 1612 1498 Camerarii
1649 1422 1800 1498 Domini
1837 1428 1901 1498 Pa·

317 1576 344 1614 „
369 1521 505 1597 Asium
531 1526 570 1606 in
596 1527 760 1602 Ciuitate
784 1531 1028 1616 Interamnae,
1143 1575 1168 1614 „
1195 1549 1285 1622 pac,
1311 1525 1355 1598 ad
1381 1526 1584 1626 exemplum
1620 1522 1817 1598 authentici
1845 1528 1903 1599 In.

264 1675 292 1716 „
317 1623 356 1696 in
383 1621 493 1698 domo
517 1628 668 1704 Domini
695 1627 852 1702 Simonis
875 1625 1028 1728 supradi·
1144 1677 1170 1716 „
1195 1623 1378 1702 strumenti
1405 1651 1465 1726 per
1486 1651 1633 1724 ,manum
1661 1651 1773 1700 meam
1794 1623 1902 1719 falti,

266 1775 293 1815 „
318 1721 393 1812 cti,
419 1727 655 1822 praesentibus
670 1730 842 1804 Domino
876 1727 1029 1821 Jordano
1144 1779 1169 1817 „
1196 1725 1235 1799 in
1262 1726 1330 1801 hoc
1355 1727 1470 1804 Libro
1496 1725 1649 1804 fideliter
1674 1727 1874 1828 exemplavi
1888 1783 1904 1822 ,

266 1875 293 1914 „
321 1821 470 1902 Reiiore
496 1833 627 1906 Terrae
651 1829 917 1925 Amulforum,
952 1835 1026 1905 Do·
1145 1881 1171 1920 „
1196 1829 1232 1902 δι
1259 1855 1378 1906 meum
1404 1825 1538 1929 signum
1565 1825 1690 1930 posui.

346 2043 614 2198 Appreienfio
644 2081 779 2174 Villae
808 2085 857 2174 de
888 2077 1174 2194 Stravignano,
1201 2077 1305 2171 salia
1333 2082 1384 2170 ab
1414 2077 1608 2203 Episcopo
1638 2043 1827 2190 Alatrino

374 2263 379 2270 ·
678 2231 750 2320 pro
781 2203 955 2290 Ecclesia
986 2209 1195 2310 Romana,
1224 2205 1349 2292 Anno
1383 2232 1432 2292 12
1442 2233 1519 2318 35.

315 2432 355 2502 N
375 2432 499 2505 nomine
531 2421 686 2512 Domini.
721 2445 855 2514 Amen.
881 2443 951 2512 Nor
974 2444 1027 2512 A·
1050 2437 1099 2524 lC
1137 2437 1235 2510 liesur
1251 2435 1395 2510 omnibus
1410 2437 1502 2512 bonis
1512 2436 1608 2529 sois:
1617 2435 1653 2522 fi
1669 2433 1815 2525 Mulier,
1830 2451 1903 2530 pee-

339 2531 479 2604 latrinas
503 2539 638 2608 Domini
671 2546 782 2636 Papae
812 2541 1031 2614 subdiaconus
1140 2563 1200 2612 nae
1219 2537 1386 2632 subjaceas
1408 2539 1536 2636 viginti
1560 2537 1757 2612 Librarum.
1968 2569 1970 2574 ·
2083 2547 2091 2556 '

267 2631 313 2700 (ν’
346 2635 566 2732 Capelianus,
600 2643 745 2712 Dusarus
769 2641 937 2737 spoletani
961 2651 1028 2712 Re·
1191 2639 1317 2714 Anam
1340 2638 1384 2728 esi
1407 2639 1462 2712 boe
1486 2639 1521 2711 in
1548 2639 1637 2712 Villa
1652 2633 1838 2738 praedilia,
1867 2641 1903 2712 in
1989 2700 1993 2710 .

265 2727 356 2822 sior,
391 2737 654 2832 apprehendimur
678 2741 799 2813 Villam
832 2746 874 2814 de
897 2741 1027 2813 Stravi-
1141 2741 1269 2810 nomine
1293 2741 1452 2832 Domini,
1487 2738 1665 2826 Millesimo
1689 2740 1903 2826 Ducentesimo

267 2833 365 2906 niano
389 2861 457 2906 eum
481 2840 624 2910 omnibus
650 2843 854 2934 pertinentiis
882 2841 953 2934 sois
985 2842 1031 2914 asi
1143 2837 1317 2937 Trigesamo
1341 2841 1487 2936 Quinto,
1512 2839 1689 2914 Indiiiione
1715 2841 1805 2915 Vlll.
1828 2863 1905 2912 ram·

267 2944 344 3022 opos
368 2933 527 3014 Ecclestor
560 2942 725 3008 Romanae
740 2959 805 3026 pro
828 2943 1048 3027 pertinentiis·
1141 2963 1214 3035 pore
1247 2941 1381 3014 Domini
1414 2941 1561 3040 Gregorii
1593 2947 1704 3039 Papae
1744 2945 1805 3015 IX.
1839 2944 1905 3014 exi·

269 3026 377 3101 Vallis
411 3030 576 3126 Tupinac.
611 3035 660 3103 Es
693 3032 875 3129 quisnasque
907 3033 1033 3104 venerit
1139 3039 1280 3122 limeis,
1312 3042 1367 3105 die
1401 3047 1463 3112 Ill.
1497 3063 1626 3116 aaranse
1642 3043 1834 3137 Jaaaaa'o:
1869 3045 1904 3116 in

269 3148 383 3203 santra
416 3129 516 3226 ipsam
548 3131 840 3226 apprehensonem,
874 3133 931 3206 vel
964 3157 1033 3204 eam
1140 3130 1321 3228 praesentia
1346 3135 1480 3204 Domini
1504 3144 1674 3225 Berselorrs'
1713 3151 1753 3214 de
1777 3145 1904 3239 Orbesa.

269 3229 444 3328 infringere
472 3234 682 3324 *tentaverim
716 3235 772 3304 vcl
806 3235 895 3306 modo
928 3231 1034 3330 alique
1144 3233 1214 3324 lia,
1241 3231 1375 3304 Domini
1390 3234 1581 3325 Jahaaaas's
1613 3239 1760 3310 Albanis
1792 3246 1907 3316 Saniii

271 3329 421 3418 violare,
464 3335 787 3408 excommunicationis
814 3335 1034 3429 sentcnsians,
1076 3329 1111 3400 D
1144 3332 1302 3429 Stephani
1334 3334 1373 3404 de
1406 3336 1572 3426 Gallano,
1607 3339 1742 3410 Domini
1777 3344 1904 3412 Lando.

269 3455 367 3530 quam
392 3459 474 3506 none
492 3436 648 3528 serimus,
676 3437 714 3529 se
738 3437 863 3510 novmir
888 3434 1034 3527 incurris·
1145 3433 1219 3524 nis,
1245 3431 1378 3505 Domini
1392 3435 1558 3526 Johannis
1584 3437 1738 3531 Freseae,
1773 3441 1906 3514 Domini

263 3533 321 3626 se.
347 3539 396 3606 Er
417 3557 543 3631 praeter
568 3537 669 3632 ipsam
699 3559 853 3636 punam,
880 3536 1036 3629 fisueris
1146 3534 1304 3608 Taneredi
1327 3537 1367 3606 de
1391 3537 1517 3631 Casia.
1579 3569 1581 3576 ’
1617 3587 1621 3596 ·

269 3635 427 3725 Civitas,
454 3638 565 3728 mille,
584 3637 619 3724 st
642 3641 809 3732 Casinum,
845 3645 1033 3741 quingenta·
1197 3641 1271 3733 Ego
1295 3637 1443 3726 lacobus
1470 3637 1703 3716 sacrosanctae
1728 3645 1908 3722 Romanae

270 3761 371 3825 mm,
397 3737 432 3821 st
458 3739 569 3828 Villa,
605 3759 831 3832 tercentorum,
861 3741 894 3828 si
927 3750 1036 3828 Comes
1147 3735 1322 3814 Ecclesiae
1357 3739 1593 3816 ausioritate-
1620 3745 1822 3839 Notarius,
1843 3737 1921 3842 'iis'

271 3837 329 3908 nel
362 3841 450 3910 Baro
483 3861 626 3931 censam,
654 3841 688 3926 fi
720 3843 844 3930 Miles,
879 3844 1035 3940 quinquo·
1085 3881 1088 3888 ·
1148 3841 1292 3936 omnibus
1309 3839 1505 3939 supradiiiis
1529 3844 1691 3938 interseri,
1727 3848 1771 3918 D·
1796 3867 1834 3919 us
1851 3847 1908 3940 sa·

269 3937 442 4034 ginta,st
466 3942 589 4030 Pedes,
614 3943 752 4038 triginta
768 3946 940 4018 Librarum
957 3947 1035 4018 ban·
1147 3943 1376 4040 perlegitur,
1411 3945 1451 4015 da
1476 3946 1627 4019 mandato
1656 3947 1817 4046 praesidi
1839 3955 1908 4026 De-

272 4064 316 4110 no
333 4039 381 4132 se'
395 4041 521 4136 npnrris
540 4040 780 4137 subjaceecrsi
802 4053 879 4119 veri
897 4047 1037 4136 Clericus
1151 4043 1231 4116 mini
1255 4044 1411 4119 Aletrini
1427 4045 1559 4143 scripsi.
1623 4043 1626 4051 ’
1896 4073 1900 4081 ·

269 4139 394 4234 suerit,
418 4139 521 4238 officio
546 4144 590 4215 D·
612 4143 758 4238 municio
773 4149 946 4245 primosus,
966 4147 1039 4246 spo·
1079 4207 1084 4216 .
1200 4189 1202 4196 ·
1593 4197 1597 4206 ·

480 4391 712 4516 Ratificatio
748 4397 923 4487 ceffionis
959 4391 1086 4486 Casiri
1126 4391 1336 4486 Mirandae
1372 4396 1474 4490 tana
1503 4403 1700 4494 Gamerae
1769 4371 1789 4454 ’-

807 4517 1063 4630 Pontificiae,
1092 4517 1217 4604 Anno
1251 4523 1392 4630 1289.

276 4781 279 4794 ·
321 4749 362 4820 N
382 4747 506 4822 nomine
522 4751 677 4827 Domini.
694 4758 824 4828 Amen.
843 4761 946 4829 Anno
963 4760 1035 4828 Na·
1078 4753 1109 4825 E
1144 4759 1247 4828 Anno
1271 4756 1317 4826 tr.
1343 4753 1444 4847 mense
1468 4758 1564 4848 Julii
1595 4755 1649 4830 dir
1676 4761 1714 4829 V.
1742 4754 1906 4831 intrante.

346 4849 492 4924 moliaris
509 4853 696 4928 Dominicar
712 4855 889 4942 Millasime
909 4861 1033 4929 Daren·
1146 4859 1185 4927 ln
1208 4849 1465 4950 praesentiamei
1481 4857 1613 4932 Notarii
1632 4859 1677 4927 <9¹
1695 4855 1822 4943 resiium
1833 4853 1910 4946 sui·

272 4948 379 5034 selmo
402 4952 615 5053 Oiiuagestmo
639 4961 758 5048 Nono,
784 4957 961 5032 inrliiiionr
985 4963 1030 5032 11.
1139 4955 1352 5052 snipsmM,
1385 4959 1541 5030 Andreas
1569 4955 1704 5032 oraim·
1729 4953 1908 5028 Benirrmi·

273 5052 484 5149 Prnsiscatns
517 5056 652 5134 Domini
685 5057 816 5136 Nicolai
847 5065 957 5159 Papae
992 5065 1030 5136 Υ.
1146 5057 1191 5130 tir
1206 5059 1363 5156 qnondam
1379 5057 1420 5142 de
1437 5058 1599 5142 Miranda
1615 5053 1909 5244 Narniens‘saeplipe·

324 5203 347 5226 -.
1829 5183 1859 5230 rs
