4570 6096
444 293 507 470 ni
746 363 1151 486 auctuum.
1211 371 1677 468 truncantur
1883 420 1966 480 ιω

386 469 428 548 ui
447 476 572 552 domus
588 473 844 583 Epischopatui
870 489 905 559 ἃ
932 489 1069 564 detinet
1095 517 1151 564 ca·
1178 491 1239 588 yAl
1261 495 1315 567 die
1340 520 1471 598 utraque
1493 521 1586 596 parte
1611 499 1727 585 reucrfi
1744 499 1824 594 sunt
1847 527 1923 578 anre
1948 515 2026 582 nori

387 571 484 650 se&
521 579 621 654 rebus
656 580 732 656 illis
758 585 797 658 in
832 587 914 662 loco
950 593 985 664 δε
1020 591 1151 666 finibus
1266 597 1451 694 injudicio
1473 603 1555 700 sepit
1580 603 1644 698 ipse
1669 603 1779 674 Firmo
1803 605 1931 678 dicere:
1957 611 2025 680 Eo·

386 676 574 779 Turingo,
602 709 687 780 quas
714 684 805 760 mihi
827 690 1000 786 pertinere
1019 693 1152 770 debunt
1264 723 1303 774 ce
1330 728 1387 776 me
1415 721 1554 802 paratus
1568 755 1678 778 .....
1707 723 1877 796 vocatus,
1904 724 1943 782 ut
1964 733 2025 804 po·

386 801 449 877 per
474 778 552 854 istus
579 786 765 878 Cartulas,
792 815 877 888 quas
905 791 965 867 hic
992 822 1050 894 pre
1079 823 1149 870 mu·
1264 826 1325 875 nas
1352 804 1444 879 mihi
1480 805 1657 878 rationem
1684 805 1726 880 de
1753 806 1834 880 caste
1860 810 1895 881 δι
1922 809 2024 882 rebus

387 877 492 954 uibus
520 882 630 958 abeo.
668 888 822 964 faciatis
849 919 906 968 eas
934 899 1067 996 relegi.
1102 905 1152 970 Et
1263 901 1369 1002 ipfis,
1396 906 1541 1004 quasti
1570 905 1755 998 mustcavi,
1782 911 1816 981 δι
1844 907 1943 1010 super
1968 935 2024 982 ae·

384 1005 454 1050 essm
479 1009 532 1054 eas
557 985 622 1082 legi
642 986 835 1083 seciffemus,
872 1002 1090 1071 contenebatur
1115 1001 1149 1072 in
1261 1003 1444 1080 ceffimus.
1479 1011 1545 1079 Ad
1578 1010 1631 1080 bec
1654 1010 1779 1082 dicebat
1814 1010 1878 1106 ipse
1912 1013 2023 1082 Eriteu

385 1107 483 1156 unam
519 1111 557 1154 ex
591 1088 656 1184 ipse
690 1095 823 1163 Carcnle
858 1098 940 1166 inter
979 1101 1149 1196 reliquas,
1259 1109 1475 1180 Advocatum:
1502 1113 1594 1182 Vere
1620 1108 1702 1182 casts
1728 1114 1763 1182 δε
1790 1112 1892 1186 rebus
1919 1109 2024 1211 ipsus,

383 1184 524 1277 qualiter
548 1191 705 1282 quondam
743 1201 896 1288 Uppenna
922 1201 1084 1273 Diaconos
1099 1202 1148 1296 fi·
1260 1208 1571 1302 quas....detinet
1586 1227 1683 1309 parte
1694 1211 1923 1310 Episcopatui
1937 1218 2023 1288 San·

384 1283 431 1352 lio
456 1291 612 1380 quondam
638 1296 787 1384 Frazelli
808 1317 866 1392 per
890 1303 1059 1376 Cartalam
1092 1333 1148 1376 ve·
1260 1307 1309 1380 &i
1336 1310 1511 1385 Martini.
1535 1315 1594 1384 Set
1623 1314 1708 1384 volo
1734 1311 1916 1412 'inquirere
1944 1341 2023 1414 puts

382 1387 588 1459 nundaverat
611 1419 648 1462 ae
673 1397 851 1468 tradiderat
890 1403 1080 1500 chuniperti
1105 1407 1150 1477 (9¹
1259 1407 1729 1514 ipfiusEpiscopatui,s1per
1744 1410 1946 1515 poffeffione
1960 1433 2022 1490 aut

382 1484 525 1579 Gbisulfi
551 1491 692 1564 Diacono
711 1500 874 1591 germanis
890 1503 967 1594 filii
992 1509 1068 1578 bone
1085 1533 1147 1580 me·
1193 1519 1221 1588 B
1260 1537 1320 1609 per
1334 1514 1597 1606 nonimen,uut
1613 1541 1675 1612 pro
1689 1516 1947 1613 quaestionem
1963 1543 2023 1590 eus

382 1588 478 1658 morie
513 1594 716 1689 Romuaidi,
753 1599 832 1688 idest
865 1605 936 1696 rasa
973 1607 1016 1678 θ
1051 1615 1149 1680 Curre
1258 1613 1420 1690 deterrere
1431 1669 1562 1691 .......
1582 1621 1630 1688 Et
1646 1620 1722 1688 dum
1742 1617 1852 1690 taliter
1868 1615 2018 1711 diaiffer,

362 1713 365 1722 ’
373 1687 439 1779 sua
472 1690 679 1786 domnicata,
715 1723 794 1795 quas
828 1707 921 1776 abuit
955 1708 990 1778 in
1015 1711 1078 1782 luco
1103 1712 1147 1782 (θ’
1257 1734 1331 1787 tunt
1339 1738 1398 1814 per
1415 1719 1549 1805 nostrum
1559 1724 1589 1808 J
1592 1717 1730 1790 udieium
1742 1719 1814 1792 dati
1831 1739 1870 1792 at
1886 1719 1951 1814 ipso
1969 1725 2019 1792 E·

373 1787 503 1879 finibus
529 1797 680 1892 ‚Turingr
704 1827 773 1872 tum
794 1803 1015 1894 fundamentis
1042 1813 1086 1882 Θ·
1111 1839 1145 1883 u·
1257 1817 1334 1888 riter
1358 1823 1506 1892 Auseati
1531 1848 1597 1892 una
1614 1821 1653 1892 de
1671 1821 1771 1892 eidem
1789 1821 1897 1893 Firmi
1915 1821 2021 1918 inqui·

380 1891 477 1962 niver
489 1918 518 1962 cr
537 1894 673 1988 [abricio
692 1902 763 1992 suis
790 1906 843 1997 Jeo
868 1911 1003 2000 Curris,
1039 1915 1145 2004 artis,
1257 1919 1389 1990 tendum
1411 1941 1506 2015 parte
1541 1920 1638 2014 ipſsus
1664 1922 1875 2017 Episcupatui
1908 1921 2024 1994 tantis·

378 1995 494 2082 terris,
520 1995 647 2088 vineis,
668 2000 789 2094 stivis,
817 2007 996 2104 virgareis,
1018 2015 1145 2109 pratas,
1258 2020 1404 2090 Muttini
1429 2022 1498 2106 &a
1526 2023 1632 2115 Igitur
1657 2023 1692 2092 in
1719 2023 1753 2092 in
1778 2022 1944 2108 constituta
1968 2023 2022 2093 die

375 2093 531 2188 pascuis,
567 2100 685 2174 cultum
721 2108 776 2176 vei
802 2108 954 2182 incultum
982 2115 1050 2186 &a
1075 2137 1143 2212 pre·
1399 2120 1496 2206 istus
1523 2122 1730 2220 Episcopatui
1753 2123 1867 2196 sanun·
1892 2123 2018 2195 Marti·

377 2195 461 2266 tium
488 2198 641 2294 recepiffet
666 2229 832 2303 argentum
857 2213 984 2286 Solidus
1002 2217 1091 2288 mille
1110 2217 1144 2290 in
1258 2222 1294 2292 ni
1317 2222 1475 2319 presentia
1500 2223 1674 2300 Gherardi
1692 2223 1799 2314 huius·
1808 2221 1919 2316 sanfie
1944 2227 2020 2298 Lu·

374 2293 527 2392 prefinito
554 2301 623 2376 On.
648 2309 775 2406 Scripta
796 2311 905 2401 suerat
928 2319 970 2388 de
998 2319 1146 2392 manibus
1258 2349 1343 2400 cane
1370 2324 1522 2400 Ecclefie
1555 2327 1687 2398 humilis
1721 2325 1936 2426 Episcopus,
1965 2325 2025 2416 seo

376 2401 538 2494 quondam
562 2406 750 2500 Racbisonfi
774 2417 907 2490 Notarir'
936 2422 1046 2496 Anno
1073 2425 1142 2496 Im·
1185 2426 1217 2498 C
1256 2447 1332 2498 onte
1356 2453 1412 2496 nos
1435 2430 1493 2522 qui
1511 2428 1611 2520 supra
1637 2425 1843 2514 Schabinis,
1881 2425 1938 2494 ubi
1962 2449 2017 2500 nu·

375 2499 470 2596 perii
497 2505 634 2582 Domni
661 2511 768 2590 nostri
799 2518 986 2596 Hlothurii
1023 2525 1143 2623 magni
1256 2527 1371 2616 biseurn
1419 2527 1556 2596 aderant
1598 2524 1810 2619 suprascripto
1856 2525 2020 2596 Chum-

374 2601 633 2698 Imperatotis,
670 2613 749 2685 Deo
777 2619 958 2709 propitio,
994 2623 1143 2719 Imperii
1253 2627 1294 2692 do
1320 2624 1389 2694 &a
1416 2625 1460 2692 (9¹
1486 2623 1621 2719 reliqui,
1648 2625 1730 2718 cepit
1755 2623 1821 2720 ipse
1837 2625 1949 2696 Firmo
1966 2625 2019 2696 di·

375 2697 750 2902 didimia
764 2713 1141 2891 ”iic-{iiiiii}
1252 2723 1457 2896 ‘iiiiii‘
1484 2747 1540 2796 ‘n‘
1567 2723 2020 2902 ''iiiicibdiibiiii

374 2828 518 3000 Muggii,
556 2867 777 2986 Indictione'
794 2917 900 2988 Nona
927 2914 979 3014 (a)
1006 2917 1073 2991 διε.
1101 2923 1141 2992 ln
1253 2920 1298 2995 lis
1323 2921 1363 2997 in
1389 2925 1471 2998 loco
1497 2952 1537 3000 ac
1563 2925 1694 3002 finibus
1720 2926 2018 3028 Turingo,s1cut

374 3003 547 3074 adiuveto
563 3013 596 3096 J
597 3009 718 3084 udicare·
752 3017 889 3088 cartula
922 3021 1142 3092 contenebatur
1253 3023 1345 3100 mihi
1370 3025 1487 3102 wadia
1522 3027 1602 3104 dedi
1638 3031 1673 3103 δι
1709 3029 1801 3104 mihi
1839 3029 2016 3129 pertinet,

374 3103 460 3174 iuter
484 3126 627 3199 ceteras,
653 3114 791 3208 qualiter
822 3116 1036 3218 suprascripto
1059 3121 1139 3194 Gbi·
1253 3126 1348 3226 quod
1373 3129 1524 3204 obtinet
1551 3157 1611 3229 per
1636 3130 1716 3207 istas
1740 3134 1929 3234 Cuttulus3
1966 3131 2017 3208 fu·

368 3203 458 3298 luiso
483 3205 624 3300 Diatonu
654 3233 714 3310 pm
746 3217 853 3290 anime
879 3220 939 3313 sue
972 3224 1142 3296 remedium
1253 3227 1357 3304 tiaris
1383 3257 1440 3305 eas
1466 3232 1597 3308 iterum
1624 3234 1716 3334 legi.
1742 3239 1791 3306 Et
1816 3261 1884 3306 cum
1909 3261 1962 3308 eas
1979 3237 2016 3306 s·-

369 3303 578 3403 judicuverat
602 3316 705 3412 adque
727 3317 970 3410 confinnasrerut
995 3325 1031 3399 in
1054 3346 1141 3424 pute·
1182 3321 1213 3388 D
1253 3352 1353 3404 terum
1378 3335 1444 3432 degi
1465 3333 1664 3430 sufflamus,
1702 3339 1921 3408 contenebatur
1945 3337 2015 3410 &u

368 3407 454 3498 flate
486 3411 698 3515 suprascripti
735 3421 870 3516 Firmi,
911 3425 989 3514 idest
1025 3428 1141 3526 portio·
1258 3434 1401 3526 Profeffio
1425 3439 1478 3506 bec
1498 3436 1615 3525 saida,
1652 3436 1767 3505 retium
1789 3437 1902 3529 paruit
1927 3437 2018 3509 nubis

375 3537 446 3584 uem
461 3565 572 3590 .....
598 3519 733 3610 decusa
766 3525 946 3602 domnicata
972 3529 1006 3601 in
1031 3552 1139 3626 pteno·
1253 3533 1309 3628 qui
1329 3535 1430 3630 supra
1453 3535 1655 3625 jndicibus,
1682 3561 1748 3616 una
1782 3561 1849 3606 sum
1885 3535 2016 3632 reliquie

376 3613 497 3687 minato
522 3618 586 3690 lucu
612 3621 656 3690 (9·
672 3619 801 3712 finibus
826 3631 972 3726 Turingo
996 3631 1066 3702 &a
1093 3635 1142 3701 Et
1254 3635 1409 3724 nobiscum
1433 3633 1664 3732 adeffintibus.
1700 3641 1754 3708 Ita
1778 3635 2016 3728 judicavimus

375 3719 513 3788 cumula
539 3719 609 3813 ipsa
624 3719 765 3810 judicati
783 3726 930 3823 rescripta
944 3729 1053 3819 suerat
1071 3731 1140 3804 &e
1169 3785 1170 3788 ,
1253 3753 1290 3804 ut
1314 3736 1408 3809 licoat
1432 3739 1521 3832 parti
1531 3791 1642 3812 ......
1665 3735 1736 3822 fine
1770 3738 2019 3812 contradii‘iione

373 3819 487 3888 An'no
514 3820 648 3894 Domni
685 3823 791 3900 nostri
828 3829 1040 3905 Hludowici
1066 3857 1138 3904 ma·
1249 3837 1459 3934 suprascripti
1484 3840 1592 3911 Firmi
1611 3838 1702 3934 justa
1735 3838 1830 3931 suam
1859 3839 2019 3936 prrseffio-

374 3915 436 4012 gni
450 3918 675 4014 Imperatoris
686 3925 867 4028 Vigessmo
878 3931 1139 4024 Secundo,Ka·
1256 3965 1325 4008 nem
1361 3941 1405 4010 (9¹
1439 3939 1743 4030 manifestationem,
1778 3961 1963 4036 permaneat
1987 3969 2019 4013 e·

372 4013 499 4092 landas*
516 4022 678 4120 Magius,
703 4028 904 4106 tndimione
920 4035 984 4108 IV.
1001 4034 1056 4132 (b)
1071 4035 1138 4108 διε.
1254 4041 1353 4112 xinde
1376 4041 1519 4130 contestes
1537 4041 1595 4134 feu
1621 4065 1771 4115 remotus.
1802 4046 1891 4113 Unde
1917 4067 2019 4116 unc..

313 4170 317 4182 .
374 4120 647 4218 interrogavimus
682 4129 748 4225 ipsu
782 4133 897 4205 Eriteo
919 4137 1137 4229 Adoneus,
1334 4149 1436 4216 Anno
1471 4145 1601 4240 imperii
1625 4143 1745 4216 Domni
1770 4141 1865 4229 nostri
1890 4144 2019 4216 Hiuds-

372 4221 444 4316 quir
469 4251 507 4294 ere
530 4227 587 4298 huc
608 4229 708 4302 dicere
732 4231 900 4330 voiuoffct,
935 4237 1050 4335 quidm
1074 4239 1139 4334 ipse
1181 4227 1210 4297 Ε
1253 4243 1335 4314 wiri
1359 4244 1468 4340 magni
1492 4245 1718 4340 imperatoris,
1752 4249 1821 4314 Deo
1850 4245 2018 4340 propitio,

372 4319 485 4394 dixit:
513 4325 644 4403 Nescio
669 4331 752 4406 cafis
777 4337 813 4408 δι
840 4338 964 4432 rebus,
983 4339 1026 4412 de
1051 4365 1137 4438 quos
1254 4345 1384 4441 Imperii
1408 4343 1498 4438 ejus,
1527 4347 1679 4436 Vipefrmr
1704 4351 1853 4441 Quarto,
1879 4350 1918 4418 V.
1944 4353 2017 4420 Ka·

373 4421 485 4500 dicis.
520 4435 604 4500 Cum
636 4430 690 4504 boc
713 4433 869 4528 dissiliet,
904 4461 979 4514 tunc
998 4459 1137 4538 perno-
1254 4447 1811 4538 iendasJuiiar,1ndi5iioneVi.

365 4523 482 4628 strum·
490 4525 652 4621 judicium
665 4585 699 4607 ..
716 4587 751 4608 ..
779 4539 890 4611 Firmo
924 4543 1038 4615 Eriteu
1060 4545 1136 4618 Ad·
1306 4551 1383 4644 Ege
1404 4550 1577 4640 Jubannes
1608 4549 1749 4624 Scauinu
1783 4549 1820 4623 in
1853 4546 1883 4621 it
1914 4547 2021 4626 baffio

285 4670 287 4674 -
331 4642 332 4645 ’
373 4648 505 4700 vocatur
538 4633 687 4704 wadiam
719 4637 838 4723 decafes
872 4643 916 4712 Φ·
948 4647 1039 4715 rebus
1063 4639 1167 4742 ipsis¹
1254 4649 1412 4741 interfui.
2020 4660 2023 4666 ’

373 4727 574 4824 nussranaa',
600 4734 644 4805 (θ’
670 4737 783 4810 Eriteo
805 4741 898 4812 dedit
914 4745 1063 4818 wadiam
1078 4767 1138 4844 pu·
1303 4751 1492 4842 Sesemundo
1516 4750 1562 4825 ibi
1581 4753 1660 4844 sui.

371 4851 461 4904 tetus
486 4829 578 4926 tfftt,
615 4863 664 4908 tes
689 4837 759 4936 ipsu
784 4840 986 4931 videndum,
1022 4847 1067 4918 (9·
1092 4873 1138 4919 re·
1303 4857 1378 4946 Ege
1404 4861 1578 4950 Teuperrus
1603 4853 1650 4928 ibi
1669 4855 1750 4946 fui.

373 4959 475 5010 meare
498 4937 544 5010 ad
567 4937 693 5012 Placito
719 4941 788 5017 &e
815 4945 1045 5038 tn'constirua
1066 4975 1141 5025 veru
1304 4959 1377 5054 Ego
1403 4953 1548 5029 Ermr'teo
1572 4955 1621 5030 iii
1638 4957 1714 5050 stri.

1843 4999 2002 5154 ‚ugo

454 5162 505 5244 (θ)
526 5169 600 5240 Hoc
621 5171 682 5260 est,
704 5167 806 5244 Anno
823 5175 895 5256 846.
1337 5133 1387 5262 (d)
1408 5179 1480 5248 Hoc
1501 5179 1562 5265 eii,
1582 5177 1684 5250 Anno
1704 5183 1778 5264 87r.
