<?xml version="1.0" encoding="UTF-8"?>
<!DOCTYPE html PUBLIC "-//W3C//DTD XHTML 1.0 Transitional//EN"
    "http://www.w3.org/TR/xhtml1/DTD/xhtml1-transitional.dtd">
<html xmlns="http://www.w3.org/1999/xhtml" xml:lang="en" lang="en">
 <head>
  <title>
</title>
<meta http-equiv="Content-Type" content="text/html;charset=utf-8" />
  <meta name='ocr-system' content='tesseract 3.04.00' />
  <meta name='ocr-capabilities' content='ocr_page ocr_carea ocr_par ocr_line ocrx_word'/>
</head>
<body>
  <div class='ocr_page' id='page_1' title='image "./antiquitatesita03muragoog_0390.png"; bbox 0 0 4536 6064; ppageno 0'>
   <div class='ocr_carea' id='block_1_1' title="bbox 296 463 381 550">
    <p class='ocr_par' dir='ltr' id='par_1_1' title="bbox 296 463 381 550">
     <span class='ocr_line' id='line_1_1' title="bbox 296 463 381 550; baseline 0 0"><span class='ocrx_word' id='word_1_1' title='bbox 296 463 381 550; x_wconf 80' lang='lat'>757</span> 
     </span>
    </p>
   </div>
   <div class='ocr_carea' id='block_1_2' title="bbox 126 653 1003 1366">
    <p class='ocr_par' dir='ltr' id='par_1_2' title="bbox 126 653 1003 1366">
     <span class='ocr_line' id='line_1_2' title="bbox 238 653 1003 754; baseline 0.005 -32"><span class='ocrx_word' id='word_1_2' title='bbox 238 671 312 731; x_wconf 83' lang='lat' dir='ltr'>rm,</span> <span class='ocrx_word' id='word_1_3' title='bbox 354 654 560 748; x_wconf 60' lang='lat' dir='ltr'>Marradro.</span> <span class='ocrx_word' id='word_1_4' title='bbox 604 653 741 727; x_wconf 81' lang='lat' dir='ltr'>Interea</span> <span class='ocrx_word' id='word_1_5' title='bbox 781 653 1003 754; x_wconf 86' lang='lat' dir='ltr'>producenda</span> 
     </span>
     <span class='ocr_line' id='line_1_3' title="bbox 237 749 1001 854; baseline 0.005 -30"><span class='ocrx_word' id='word_1_6' title='bbox 237 750 286 825; x_wconf 90' lang='lat' dir='ltr'>est</span> <span class='ocrx_word' id='word_1_7' title='bbox 312 753 404 828; x_wconf 92' lang='lat' dir='ltr'>mibi</span> <span class='ocrx_word' id='word_1_8' title='bbox 431 749 672 851; x_wconf 84' lang='lat' dir='ltr'>antiquissima</span> <span class='ocrx_word' id='word_1_9' title='bbox 697 752 858 847; x_wconf 88' lang='lat' dir='ltr'>Cbarta,</span> <span class='ocrx_word' id='word_1_10' title='bbox 894 779 1001 854; x_wconf 85' lang='lat' dir='ltr'>quam</span> 
     </span>
     <span class='ocr_line' id='line_1_4' title="bbox 241 852 1002 932; baseline 0.007 -7"><span class='ocrx_word' id='word_1_11' title='bbox 241 855 484 932; x_wconf 84' lang='lat' dir='ltr'>authenticam</span> <span class='ocrx_word' id='word_1_12' title='bbox 510 853 588 928; x_wconf 91' lang='lat' dir='ltr'>vidi</span> <span class='ocrx_word' id='word_1_13' title='bbox 614 857 650 928; x_wconf 79' lang='grc' dir='ltr'>δι</span> <span class='ocrx_word' id='word_1_14' title='bbox 678 852 773 930; x_wconf 85' lang='lat' dir='ltr'>baufi</span> <span class='ocrx_word' id='word_1_15' title='bbox 799 883 843 930; x_wconf 80' lang='lat' dir='ltr'>ex</span> <span class='ocrx_word' id='word_1_16' title='bbox 870 856 1002 930; x_wconf 83' lang='lat' dir='ltr'>Archi·</span> 
     </span>
     <span class='ocr_line' id='line_1_5' title="bbox 238 955 1003 1032; baseline 0.007 -7"><span class='ocrx_word' id='word_1_17' title='bbox 238 977 288 1028; x_wconf 85' lang='lat' dir='ltr'>uo</span> <span class='ocrx_word' id='word_1_18' title='bbox 317 955 579 1032; x_wconf 87' lang='lat' dir='ltr'>Monacborum</span> <span class='ocrx_word' id='word_1_19' title='bbox 605 955 886 1032; x_wconf 87' lang='lat' dir='ltr'>Cistereienfium</span> <span class='ocrx_word' id='word_1_20' title='bbox 917 961 1003 1032; x_wconf 85' lang='lat' dir='ltr'>San-</span> 
     </span>
     <span class='ocr_line' id='line_1_6' title="bbox 239 1053 1001 1155; baseline 0.004 -26"><span class='ocrx_word' id='word_1_21' title='bbox 239 1053 291 1132; x_wconf 68' lang='lat' dir='ltr'>eti</span> <span class='ocrx_word' id='word_1_22' title='bbox 315 1056 497 1132; x_wconf 83' lang='lat' dir='ltr'>-Ambrosri</span> <span class='ocrx_word' id='word_1_23' title='bbox 523 1057 675 1155; x_wconf 73' lang='lat' dir='ltr'>Maioris</span> <span class='ocrx_word' id='word_1_24' title='bbox 696 1058 918 1133; x_wconf 80' lang='lat' dir='ltr'><strong>Mediolani.</strong></span> <span class='ocrx_word' id='word_1_25' title='bbox 936 1059 1001 1132; x_wconf 77' lang='lat' dir='ltr'>&#39;lbi</span> 
     </span>
     <span class='ocr_line' id='line_1_7' title="bbox 238 1157 1002 1258; baseline 0.004 -28"><span class='ocrx_word' id='word_1_26' title='bbox 238 1157 416 1234; x_wconf 79' lang='lat' dir='ltr'>Bmetrada</span> <span class='ocrx_word' id='word_1_27' title='bbox 441 1161 595 1233; x_wconf 59' lang='lat' dir='ltr'>sardiana</span> <span class='ocrx_word' id='word_1_28' title='bbox 620 1162 741 1232; x_wconf 85' lang='lat' dir='ltr'>Donmi</span> <span class='ocrx_word' id='word_1_29' title='bbox 765 1163 887 1258; x_wconf 86' lang='lat' dir='ltr'>Regis,</span> <span class='ocrx_word' id='word_1_30' title='bbox 916 1159 1002 1236; x_wconf 86' lang='lat' dir='ltr'>idest</span> 
     </span>
     <span class='ocr_line' id='line_1_8' title="bbox 126 1259 1001 1366; baseline 0.006 -33"><span class='ocrx_word' id='word_1_31' title='bbox 126 1329 133 1343; x_wconf 85' lang='grc'>,</span> <span class='ocrx_word' id='word_1_32' title='bbox 240 1259 412 1337; x_wconf 86' lang='lat' dir='ltr'>Defiderii</span> <span class='ocrx_word' id='word_1_33' title='bbox 439 1260 907 1366; x_wconf 72' lang='lat' dir='ltr'>Langobardorumssegis,</span> <span class='ocrx_word' id='word_1_34' title='bbox 934 1285 1001 1338; x_wconf 89' lang='lat' dir='ltr'>nu·</span> 
     </span>
    </p>
   </div>
   <div class='ocr_carea' id='block_1_3' title="bbox 1038 559 1074 630">
    <p class='ocr_par' dir='ltr' id='par_1_3' title="bbox 1038 559 1074 630">
     <span class='ocr_line' id='line_1_9' title="bbox 1038 559 1074 630; baseline 0 0"><span class='ocrx_word' id='word_1_35' title='bbox 1038 559 1074 630; x_wconf 92' lang='lat' dir='ltr'>A</span> 
     </span>
    </p>
   </div>
   <div class='ocr_carea' id='block_1_4' title="bbox 90 414 1820 646">
    <p class='ocr_par' dir='ltr' id='par_1_4' title="bbox 90 414 1820 646">
     <span class='ocr_line' id='line_1_10' title="bbox 592 414 1820 556; baseline -0.005 -34"><span class='ocrx_word' id='word_1_36' title='bbox 592 427 962 522; x_wconf 79' lang='lat' dir='ltr'>orsrnnrarro</span> <span class='ocrx_word' id='word_1_37' title='bbox 1004 421 1523 556; x_wconf 65' lang='lat' dir='ltr'>Quruuranrcrna:</span> <span class='ocrx_word' id='word_1_38' title='bbox 1595 414 1599 420; x_wconf 82' lang='grc'><em>·</em></span> <span class='ocrx_word' id='word_1_39' title='bbox 1733 431 1820 541; x_wconf 80' lang='lat' dir='ltr'>7,a</span> 
     </span>
     <span class='ocr_line' id='line_1_11' title="bbox 90 545 1004 646; baseline -0.001 -23"><span class='ocrx_word' id='word_1_40' title='bbox 90 641 93 646; x_wconf 16' lang='grc' dir='ltr'><strong>Δ</strong></span> <span class='ocrx_word' id='word_1_41' title='bbox 239 548 339 634; x_wconf 83' lang='lat' dir='ltr'>dixi,</span> <span class='ocrx_word' id='word_1_42' title='bbox 376 559 501 625; x_wconf 85' lang='lat' dir='ltr'>natum</span> <span class='ocrx_word' id='word_1_43' title='bbox 533 545 580 622; x_wconf 84' lang='lat' dir='ltr'>est</span> <span class='ocrx_word' id='word_1_44' title='bbox 614 555 824 646; x_wconf 59' lang='lat' dir='ltr'>Marmara,</span> <span class='ocrx_word' id='word_1_45' title='bbox 860 555 1004 646; x_wconf 61' lang='lat' dir='ltr'>Merra-</span> 
     </span>
    </p>
   </div>
   <div class='ocr_carea' id='block_1_5' title="bbox 1112 529 1882 1362">
    <p class='ocr_par' dir='ltr' id='par_1_5' title="bbox 1112 529 1882 1362">
     <span class='ocr_line' id='line_1_12' title="bbox 1112 529 1882 652; baseline -0.005 -28"><span class='ocrx_word' id='word_1_46' title='bbox 1112 567 1175 652; x_wconf 85' lang='lat' dir='ltr'>pta</span> <span class='ocrx_word' id='word_1_47' title='bbox 1194 547 1355 622; x_wconf 78' lang='lat' dir='ltr'>Thertudo</span> <span class='ocrx_word' id='word_1_48' title='bbox 1371 544 1480 620; x_wconf 61' lang='lat' dir='ltr'>oridia</span> <span class='ocrx_word' id='word_1_49' title='bbox 1500 535 1653 624; x_wconf 79' lang='lat' dir='ltr'>Taranis,</span> <span class='ocrx_word' id='word_1_50' title='bbox 1680 543 1826 646; x_wconf 79' lang='lat' dir='ltr'>ponitur</span> <span class='ocrx_word' id='word_1_51' title='bbox 1847 529 1882 620; x_wconf 67' lang='lat' dir='ltr'>ib</span> 
     </span>
     <span class='ocr_line' id='line_1_13' title="bbox 1115 637 1881 749; baseline -0.005 -25"><span class='ocrx_word' id='word_1_52' title='bbox 1115 649 1265 732; x_wconf 80' lang='lat' dir='ltr'>mardie,</span> <span class='ocrx_word' id='word_1_53' title='bbox 1291 646 1361 724; x_wconf 77' lang='lat' dir='ltr'>five</span> <span class='ocrx_word' id='word_1_54' title='bbox 1388 646 1452 720; x_wconf 87' lang='lat' dir='ltr'>sub</span> <span class='ocrx_word' id='word_1_55' title='bbox 1477 643 1646 749; x_wconf 83' lang='lat' dir='ltr'>potestate</span> <span class='ocrx_word' id='word_1_56' title='bbox 1672 637 1777 745; x_wconf 76' lang='lat' dir='ltr'>ipsius</span> <span class='ocrx_word' id='word_1_57' title='bbox 1802 647 1881 720; x_wconf 91' lang='lat' dir='ltr'>To-</span> 
     </span>
     <span class='ocr_line' id='line_1_14' title="bbox 1115 747 1880 845; baseline -0.008 -17"><span class='ocrx_word' id='word_1_58' title='bbox 1115 752 1238 833; x_wconf 86' lang='lat' dir='ltr'>tonis,</span> <span class='ocrx_word' id='word_1_59' title='bbox 1272 750 1373 844; x_wconf 67' lang='lat' dir='ltr'>sadud</span> <span class='ocrx_word' id='word_1_60' title='bbox 1412 749 1576 822; x_wconf 70' lang='lat' dir='ltr'>Libertate</span> <span class='ocrx_word' id='word_1_61' title='bbox 1604 747 1693 840; x_wconf 78' lang='lat' dir='ltr'>jur:</span> <span class='ocrx_word' id='word_1_62' title='bbox 1726 773 1771 820; x_wconf 84' lang='lat' dir='ltr'>ex</span> <span class='ocrx_word' id='word_1_63' title='bbox 1806 771 1880 845; x_wconf 83' lang='lat' dir='ltr'>quo</span> 
     </span>
     <span class='ocr_line' id='line_1_15' title="bbox 1116 849 1880 953; baseline -0.01 -23"><span class='ocrx_word' id='word_1_64' title='bbox 1116 853 1260 930; x_wconf 89' lang='lat' dir='ltr'>tandem</span> <span class='ocrx_word' id='word_1_65' title='bbox 1287 849 1554 953; x_wconf 81' lang='lat' dir='ltr'>cognoscimus,</span> <span class='ocrx_word' id='word_1_66' title='bbox 1591 873 1630 922; x_wconf 86' lang='lat' dir='ltr'>nc</span> <span class='ocrx_word' id='word_1_67' title='bbox 1657 851 1754 922; x_wconf 84' lang='lat' dir='ltr'>eertb</span> <span class='ocrx_word' id='word_1_68' title='bbox 1780 865 1880 924; x_wconf 89' lang='lat' dir='ltr'>tene-</span> 
     </span>
     <span class='ocr_line' id='line_1_16' title="bbox 1116 949 1877 1043; baseline -0.008 -13"><span class='ocrx_word' id='word_1_69' title='bbox 1116 983 1215 1038; x_wconf 87' lang='lat' dir='ltr'>mus,</span> <span class='ocrx_word' id='word_1_70' title='bbox 1251 953 1346 1029; x_wconf 89' lang='lat' dir='ltr'>inter</span> <span class='ocrx_word' id='word_1_71' title='bbox 1372 951 1545 1036; x_wconf 83' lang='lat' dir='ltr'>Liberos,</span> <span class='ocrx_word' id='word_1_72' title='bbox 1581 973 1652 1023; x_wconf 90' lang='lat' dir='ltr'>non</span> <span class='ocrx_word' id='word_1_73' title='bbox 1680 949 1775 1026; x_wconf 89' lang='lat' dir='ltr'>inter</span> <span class='ocrx_word' id='word_1_74' title='bbox 1799 954 1877 1043; x_wconf 79' lang='lat' dir='ltr'>Ser-</span> 
     </span>
     <span class='ocr_line' id='line_1_17' title="bbox 1116 1047 1880 1156; baseline -0.016 -23"><span class='ocrx_word' id='word_1_75' title='bbox 1116 1084 1203 1141; x_wconf 90' lang='lat' dir='ltr'>vos,</span> <span class='ocrx_word' id='word_1_76' title='bbox 1229 1071 1453 1156; x_wconf 87' lang='lat' dir='ltr'>computatos</span> <span class='ocrx_word' id='word_1_77' title='bbox 1479 1049 1579 1126; x_wconf 80' lang='lat' dir='ltr'>fuisse</span> <span class='ocrx_word' id='word_1_78' title='bbox 1603 1052 1725 1144; x_wconf 60' lang='grc' dir='ltr'>Αἰδὼς</span> <span class='ocrx_word' id='word_1_79' title='bbox 1747 1051 1782 1122; x_wconf 73' lang='grc' dir='ltr'>δι</span> <span class='ocrx_word' id='word_1_80' title='bbox 1808 1047 1880 1124; x_wconf 69' lang='grc' dir='ltr'>Λίὲ</span> 
     </span>
     <span class='ocr_line' id='line_1_18' title="bbox 1115 1151 1880 1258; baseline -0.01 -27"><span class='ocrx_word' id='word_1_81' title='bbox 1115 1162 1207 1243; x_wconf 82' lang='lat' dir='ltr'>dias,</span> <span class='ocrx_word' id='word_1_82' title='bbox 1217 1181 1431 1258; x_wconf 87' lang='lat' dir='ltr'>quamquam</span> <span class='ocrx_word' id='word_1_83' title='bbox 1443 1151 1606 1231; x_wconf 74' lang='lat' dir='ltr'>Patronis</span> <span class='ocrx_word' id='word_1_84' title='bbox 1621 1151 1691 1226; x_wconf 90' lang='lat' dir='ltr'>suis</span> <span class='ocrx_word' id='word_1_85' title='bbox 1705 1177 1749 1225; x_wconf 87' lang='lat' dir='ltr'>ex</span> <span class='ocrx_word' id='word_1_86' title='bbox 1765 1151 1804 1224; x_wconf 85' lang='lat' dir='ltr'>ui</span> <span class='ocrx_word' id='word_1_87' title='bbox 1819 1175 1880 1243; x_wconf 84' lang='lat' dir='ltr'>pa·</span> 
     </span>
     <span class='ocr_line' id='line_1_19' title="bbox 1115 1251 1878 1362; baseline -0.013 -26"><span class='ocrx_word' id='word_1_88' title='bbox 1115 1261 1254 1342; x_wconf 73' lang='lat' dir='ltr'>iturum</span> <span class='ocrx_word' id='word_1_89' title='bbox 1273 1259 1462 1334; x_wconf 78' lang='lat' dir='ltr'>subenenr.</span> <span class='ocrx_word' id='word_1_90' title='bbox 1480 1255 1536 1330; x_wconf 85' lang='lat' dir='ltr'>En</span> <span class='ocrx_word' id='word_1_91' title='bbox 1555 1251 1667 1362; x_wconf 72' lang='lat' dir='ltr'>ipsam</span> <span class='ocrx_word' id='word_1_92' title='bbox 1685 1251 1878 1329; x_wconf 71' lang='lat' dir='ltr'>Chartami</span> 
     </span>
    </p>
   </div>
   <div class='ocr_carea' id='block_1_6' title="bbox 242 1447 1879 1844">
    <p class='ocr_par' dir='ltr' id='par_1_6' title="bbox 242 1447 1879 1844">
     <span class='ocr_line' id='line_1_20' title="bbox 242 1447 1879 1616; baseline -0.005 -32"><span class='ocrx_word' id='word_1_93' title='bbox 242 1499 467 1616; x_wconf 74' lang='lat' dir='ltr'>Autpertus·</span> <span class='ocrx_word' id='word_1_94' title='bbox 487 1493 614 1582; x_wconf 71' lang='lat' dir='ltr'>Amor</span> <span class='ocrx_word' id='word_1_95' title='bbox 643 1490 833 1581; x_wconf 71' lang='lat' dir='ltr'>Desiderii</span> <span class='ocrx_word' id='word_1_96' title='bbox 873 1492 994 1610; x_wconf 83' lang='lat' dir='ltr'>Regis</span> <span class='ocrx_word' id='word_1_97' title='bbox 1028 1447 1381 1607; x_wconf 78' lang='lat' dir='ltr'>¹Langobardorum</span> <span class='ocrx_word' id='word_1_98' title='bbox 1410 1487 1597 1598; x_wconf 86' lang='lat' dir='ltr'>Totoni,</span> <span class='ocrx_word' id='word_1_99' title='bbox 1635 1483 1879 1605; x_wconf 84' lang='lat' dir='ltr'>desponsanti</span> 
     </span>
     <span class='ocr_line' id='line_1_21' title="bbox 367 1605 1749 1728; baseline -0.001 -28"><span class='ocrx_word' id='word_1_100' title='bbox 367 1615 620 1704; x_wconf 86' lang='lat' dir='ltr'>Beretradam</span> <span class='ocrx_word' id='word_1_101' title='bbox 652 1611 867 1704; x_wconf 81' lang='lat' dir='ltr'>Aldianam</span> <span class='ocrx_word' id='word_1_102' title='bbox 899 1609 1095 1726; x_wconf 80' lang='lat' dir='ltr'>Regiam,</span> <span class='ocrx_word' id='word_1_103' title='bbox 1126 1641 1196 1728; x_wconf 86' lang='lat' dir='ltr'>pro</span> <span class='ocrx_word' id='word_1_104' title='bbox 1226 1609 1368 1700; x_wconf 90' lang='lat' dir='ltr'>Solidis</span> <span class='ocrx_word' id='word_1_105' title='bbox 1398 1607 1521 1696; x_wconf 85' lang='lat' dir='ltr'>tribus</span> <span class='ocrx_word' id='word_1_106' title='bbox 1551 1605 1636 1696; x_wconf 86' lang='lat' dir='ltr'>auri</span> <span class='ocrx_word' id='word_1_107' title='bbox 1666 1607 1749 1721; x_wconf 79' lang='lat' dir='ltr'>ejus</span> 
     </span>
     <span class='ocr_line' id='line_1_22' title="bbox 509 1728 1739 1844; baseline -0.001 -27"><span class='ocrx_word' id='word_1_108' title='bbox 509 1731 747 1844; x_wconf 85' lang='lat' dir='ltr'>Mundium,</span> <span class='ocrx_word' id='word_1_109' title='bbox 777 1731 857 1820; x_wconf 84' lang='lat' dir='ltr'>fire</span> <span class='ocrx_word' id='word_1_110' title='bbox 886 1729 1109 1834; x_wconf 81' lang='lat' dir='ltr'>dominium</span> <span class='ocrx_word' id='word_1_111' title='bbox 1139 1728 1356 1840; x_wconf 76' lang='lat' dir='ltr'>coneedit,</span> <span class='ocrx_word' id='word_1_112' title='bbox 1375 1733 1498 1819; x_wconf 83' lang='lat' dir='ltr'>Auno</span> <span class='ocrx_word' id='word_1_113' title='bbox 1528 1757 1647 1844; x_wconf 55' lang='lat'>77⁸</span> <span class='ocrx_word' id='word_1_114' title='bbox 1735 1808 1739 1816; x_wconf 90' lang='grc'><em>,</em></span> 
     </span>
    </p>
   </div>
   <div class='ocr_carea' id='block_1_7' title="bbox 239 1927 1876 2155">
    <p class='ocr_par' dir='ltr' id='par_1_7' title="bbox 239 1927 1876 2155">
     <span class='ocr_line' id='line_1_23' title="bbox 239 1927 1876 2155; baseline 0.002 -112"><span class='ocrx_word' id='word_1_115' title='bbox 239 1971 309 2155; x_wconf 81' lang='lat' dir='ltr'>Ia</span> <span class='ocrx_word' id='word_1_116' title='bbox 335 1971 455 2060; x_wconf 79' lang='lat' dir='ltr'>Christi</span> <span class='ocrx_word' id='word_1_117' title='bbox 479 1927 621 2048; x_wconf 66' lang='lat' dir='ltr'>neminie.</span> <span class='ocrx_word' id='word_1_118' title='bbox 658 1929 789 2048; x_wconf 68' lang='lat' dir='ltr'>Neritia</span> <span class='ocrx_word' id='word_1_119' title='bbox 822 1974 939 2048; x_wconf 71' lang='lat' dir='ltr'>brevis</span> <span class='ocrx_word' id='word_1_120' title='bbox 954 2001 1004 2048; x_wconf 82' lang='lat' dir='ltr'>re·</span> <span class='ocrx_word' id='word_1_121' title='bbox 1046 1979 1074 2049; x_wconf 84' lang='lat' dir='ltr'>B</span> <span class='ocrx_word' id='word_1_122' title='bbox 1160 1973 1220 2048; x_wconf 78' lang='lat' dir='ltr'>nd</span> <span class='ocrx_word' id='word_1_123' title='bbox 1262 1963 1576 2048; x_wconf 68' lang='lat' dir='ltr'>Manumiffionesv</span> <span class='ocrx_word' id='word_1_124' title='bbox 1604 1967 1876 2072; x_wconf 66' lang='lat' dir='ltr'>regrediamur.</span> 
     </span>
    </p>
   </div>
   <div class='ocr_carea' id='block_1_8' title="bbox 239 2072 1007 2880">
    <p class='ocr_par' dir='ltr' id='par_1_8' title="bbox 239 2072 1007 2880">
     <span class='ocr_line' id='line_1_24' title="bbox 314 2072 1004 2174; baseline 0.007 -30"><span class='ocrx_word' id='word_1_125' title='bbox 314 2075 479 2148; x_wconf 77' lang='lat' dir='ltr'>moratoria</span> <span class='ocrx_word' id='word_1_126' title='bbox 502 2092 560 2170; x_wconf 82' lang='lat' dir='ltr'>pra</span> <span class='ocrx_word' id='word_1_127' title='bbox 581 2072 705 2167; x_wconf 74' lang='lat' dir='ltr'>furaris</span> <span class='ocrx_word' id='word_1_128' title='bbox 730 2080 936 2174; x_wconf 72' lang='lat' dir='ltr'>temporibus.</span> <span class='ocrx_word' id='word_1_129' title='bbox 965 2081 1004 2151; x_wconf 77' lang='lat' dir='ltr'>Ia</span> 
     </span>
     <span class='ocr_line' id='line_1_25' title="bbox 239 2177 1007 2274; baseline 0.003 -26"><span class='ocrx_word' id='word_1_130' title='bbox 239 2201 344 2248; x_wconf 81' lang='lat' dir='ltr'>eorum</span> <span class='ocrx_word' id='word_1_131' title='bbox 382 2177 539 2272; x_wconf 75' lang='lat' dir='ltr'>presentia</span> <span class='ocrx_word' id='word_1_132' title='bbox 578 2179 691 2274; x_wconf 84' lang='lat' dir='ltr'>recepit</span> <span class='ocrx_word' id='word_1_133' title='bbox 723 2183 869 2274; x_wconf 59' lang='grc' dir='ltr'>λαῖμα</span> <span class='ocrx_word' id='word_1_134' title='bbox 902 2180 1007 2252; x_wconf 63' lang='lat' dir='ltr'>albior</span> 
     </span>
     <span class='ocr_line' id='line_1_26' title="bbox 240 2276 1004 2373; baseline 0 -21"><span class='ocrx_word' id='word_1_135' title='bbox 240 2276 362 2352; x_wconf 81' lang='lat' dir='ltr'>Domni</span> <span class='ocrx_word' id='word_1_136' title='bbox 384 2279 547 2373; x_wconf 59' lang='lat' dir='ltr'>Regiae</span> <span class='ocrx_word' id='word_1_137' title='bbox 566 2280 661 2352; x_wconf 79' lang='lat' dir='ltr'>Vilia</span> <span class='ocrx_word' id='word_1_138' title='bbox 683 2281 816 2355; x_wconf 68' lang='lat' dir='ltr'>naara</span> <span class='ocrx_word' id='word_1_139' title='bbox 836 2283 876 2352; x_wconf 80' lang='lat' dir='ltr'>de</span> <span class='ocrx_word' id='word_1_140' title='bbox 899 2285 1004 2354; x_wconf 86' lang='lat' dir='ltr'>Marn-</span> 
     </span>
     <span class='ocr_line' id='line_1_27' title="bbox 239 2378 1004 2482; baseline 0.001 -29"><span class='ocrx_word' id='word_1_141' title='bbox 239 2381 294 2453; x_wconf 81' lang='lat' dir='ltr'>dia</span> <span class='ocrx_word' id='word_1_142' title='bbox 327 2379 371 2453; x_wconf 92' lang='lat' dir='ltr'>de</span> <span class='ocrx_word' id='word_1_143' title='bbox 407 2378 564 2452; x_wconf 85' lang='lat' dir='ltr'>Aldiana</span> <span class='ocrx_word' id='word_1_144' title='bbox 600 2381 736 2454; x_wconf 79' lang='lat' dir='ltr'>Domini</span> <span class='ocrx_word' id='word_1_145' title='bbox 757 2383 906 2482; x_wconf 68' lang='lat' dir='ltr'>uagis,</span> <span class='ocrx_word' id='word_1_146' title='bbox 947 2383 1004 2454; x_wconf 67' lang='lat' dir='ltr'>roi</span> 
     </span>
     <span class='ocr_line' id='line_1_28' title="bbox 241 2479 1005 2580; baseline 0.001 -27"><span class='ocrx_word' id='word_1_147' title='bbox 241 2482 326 2553; x_wconf 84' lang='lat' dir='ltr'>miae</span> <span class='ocrx_word' id='word_1_148' title='bbox 351 2481 537 2558; x_wconf 75' lang='lat' dir='ltr'>Beterrada</span> <span class='ocrx_word' id='word_1_149' title='bbox 559 2479 642 2573; x_wconf 84' lang='lat' dir='ltr'>filia</span> <span class='ocrx_word' id='word_1_150' title='bbox 667 2485 835 2555; x_wconf 64' lang='lat' dir='ltr'>dabamini</span> <span class='ocrx_word' id='word_1_151' title='bbox 859 2487 900 2556; x_wconf 81' lang='lat' dir='ltr'>de</span> <span class='ocrx_word' id='word_1_152' title='bbox 927 2487 1005 2580; x_wconf 87' lang='lat' dir='ltr'>Vigo</span> 
     </span>
     <span class='ocr_line' id='line_1_29' title="bbox 241 2583 1005 2674; baseline 0.003 -20"><span class='ocrx_word' id='word_1_153' title='bbox 241 2583 400 2664; x_wconf 59' lang='lat' dir='ltr'>Luachm·</span> <span class='ocrx_word' id='word_1_154' title='bbox 420 2587 461 2655; x_wconf 87' lang='lat' dir='ltr'>de</span> <span class='ocrx_word' id='word_1_155' title='bbox 485 2583 558 2654; x_wconf 81' lang='lat' dir='ltr'>auri</span> <span class='ocrx_word' id='word_1_156' title='bbox 570 2583 718 2674; x_wconf 68' lang='lat' dir='ltr'>‘solidiora</span> <span class='ocrx_word' id='word_1_157' title='bbox 744 2606 825 2658; x_wconf 76' lang='lat' dir='ltr'>eres.</span> <span class='ocrx_word' id='word_1_158' title='bbox 863 2587 1005 2672; x_wconf 64' lang='lat' dir='ltr'>Maudio</span> 
     </span>
     <span class='ocr_line' id='line_1_30' title="bbox 240 2685 1003 2782; baseline 0.005 -26"><span class='ocrx_word' id='word_1_159' title='bbox 240 2703 361 2778; x_wconf 70' lang='lat' dir='ltr'>arrepta</span> <span class='ocrx_word' id='word_1_160' title='bbox 386 2687 431 2756; x_wconf 81' lang='lat' dir='ltr'>ad</span> <span class='ocrx_word' id='word_1_161' title='bbox 453 2705 484 2754; x_wconf 81' lang='lat' dir='ltr'>re</span> <span class='ocrx_word' id='word_1_162' title='bbox 508 2692 628 2754; x_wconf 82' lang='lat' dir='ltr'>Tutore</span> <span class='ocrx_word' id='word_1_163' title='bbox 650 2707 708 2780; x_wconf 83' lang='lat' dir='ltr'>pra</span> <span class='ocrx_word' id='word_1_164' title='bbox 734 2685 803 2782; x_wconf 82' lang='lat' dir='ltr'>ipsa</span> <span class='ocrx_word' id='word_1_165' title='bbox 828 2687 1003 2770; x_wconf 72' lang='lat' dir='ltr'>Aidrana3</span> 
     </span>
     <span class='ocr_line' id='line_1_31' title="bbox 241 2783 1005 2880; baseline 0.009 -27"><span class='ocrx_word' id='word_1_166' title='bbox 241 2807 336 2880; x_wconf 76' lang='lat' dir='ltr'>qaam</span> <span class='ocrx_word' id='word_1_167' title='bbox 364 2783 433 2870; x_wconf 85' lang='lat' dir='ltr'>sabi</span> <span class='ocrx_word' id='word_1_168' title='bbox 477 2783 670 2858; x_wconf 87' lang='lat' dir='ltr'>Tbeutodo</span> <span class='ocrx_word' id='word_1_169' title='bbox 710 2786 753 2857; x_wconf 91' lang='lat' dir='ltr'>in·</span> <span class='ocrx_word' id='word_1_170' title='bbox 791 2787 905 2860; x_wconf 83' lang='lat' dir='ltr'>Aldio</span> <span class='ocrx_word' id='word_1_171' title='bbox 942 2807 1005 2860; x_wconf 89' lang='lat' dir='ltr'>tuo</span> 
     </span>
    </p>
   </div>
   <div class='ocr_carea' id='block_1_9' title="bbox 1111 2069 1911 2564">
    <p class='ocr_par' dir='ltr' id='par_1_9' title="bbox 1111 2069 1911 2564">
     <span class='ocr_line' id='line_1_32' title="bbox 1111 2069 1878 2174; baseline -0.007 -24"><span class='ocrx_word' id='word_1_172' title='bbox 1111 2077 1322 2174; x_wconf 78' lang='lat' dir='ltr'>Complures</span> <span class='ocrx_word' id='word_1_173' title='bbox 1339 2072 1458 2148; x_wconf 71' lang='lat' dir='ltr'>›foiffe</span> <span class='ocrx_word' id='word_1_174' title='bbox 1497 2069 1578 2174; x_wconf 60' lang='lat' dir='ltr'>jam?</span> <span class='ocrx_word' id='word_1_175' title='bbox 1604 2074 1683 2148; x_wconf 83' lang='lat' dir='ltr'>dixi</span> <span class='ocrx_word' id='word_1_176' title='bbox 1718 2073 1878 2166; x_wconf 80' lang='lat' dir='ltr'>cauffas,</span> 
     </span>
     <span class='ocr_line' id='line_1_33' title="bbox 1112 2171 1877 2274; baseline -0.003 -23"><span class='ocrx_word' id='word_1_177' title='bbox 1112 2203 1177 2252; x_wconf 82' lang='lat' dir='ltr'>eor</span> <span class='ocrx_word' id='word_1_178' title='bbox 1200 2175 1290 2274; x_wconf 87' lang='lat' dir='ltr'>apud</span> <span class='ocrx_word' id='word_1_179' title='bbox 1316 2171 1637 2274; x_wconf 67' lang='lat' dir='ltr'>antiquonum,</span> <span class='ocrx_word' id='word_1_180' title='bbox 1668 2173 1764 2250; x_wconf 86' lang='lat' dir='ltr'>adde</span> <span class='ocrx_word' id='word_1_181' title='bbox 1780 2199 1877 2249; x_wconf 87' lang='lat' dir='ltr'>nunc</span> 
     </span>
     <span class='ocr_line' id='line_1_34' title="bbox 1112 2275 1911 2376; baseline 0 -24"><span class='ocrx_word' id='word_1_182' title='bbox 1112 2281 1152 2352; x_wconf 80' lang='lat' dir='ltr'>ne·</span> <span class='ocrx_word' id='word_1_183' title='bbox 1174 2277 1301 2360; x_wconf 69' lang='lat' dir='ltr'>uidit,</span> <span class='ocrx_word' id='word_1_184' title='bbox 1326 2293 1391 2352; x_wconf 86' lang='lat' dir='ltr'>aut</span> <span class='ocrx_word' id='word_1_185' title='bbox 1415 2277 1560 2376; x_wconf 83' lang='lat' dir='ltr'>aliquo,</span> <span class='ocrx_word' id='word_1_186' title='bbox 1588 2295 1650 2351; x_wconf 88' lang='lat' dir='ltr'>aut</span> <span class='ocrx_word' id='word_1_187' title='bbox 1677 2280 1782 2376; x_wconf 82' lang='lat' dir='ltr'>pleno</span> <span class='ocrx_word' id='word_1_188' title='bbox 1807 2275 1876 2352; x_wconf 86' lang='lat' dir='ltr'>Li·</span> <span class='ocrx_word' id='word_1_189' title='bbox 1905 2283 1911 2294; x_wconf 91' lang='lat'>&#39;</span> 
     </span>
     <span class='ocr_line' id='line_1_35' title="bbox 1113 2377 1883 2474; baseline -0.003 -20"><span class='ocrx_word' id='word_1_190' title='bbox 1113 2381 1259 2454; x_wconf 78' lang='lat' dir='ltr'>bertario</span> <span class='ocrx_word' id='word_1_191' title='bbox 1285 2377 1345 2454; x_wconf 89' lang='lat' dir='ltr'>usu</span> <span class='ocrx_word' id='word_1_192' title='bbox 1383 2377 1617 2453; x_wconf 77' lang='lat' dir='ltr'>donarentur.</span> <span class='ocrx_word' id='word_1_193' title='bbox 1653 2377 1761 2474; x_wconf 88' lang='lat' dir='ltr'>Quod</span> <span class='ocrx_word' id='word_1_194' title='bbox 1797 2377 1883 2452; x_wconf 88' lang='lat' dir='ltr'>sane·</span> 
     </span>
     <span class='ocr_line' id='line_1_36' title="bbox 1113 2477 1880 2564; baseline -0.001 -10"><span class='ocrx_word' id='word_1_195' title='bbox 1113 2479 1337 2556; x_wconf 68' lang='lat' dir='ltr'>nifidadium</span> <span class='ocrx_word' id='word_1_196' title='bbox 1372 2479 1510 2564; x_wconf 75' lang='lat' dir='ltr'>fuisset,</span> <span class='ocrx_word' id='word_1_197' title='bbox 1544 2479 1700 2554; x_wconf 85' lang='lat' dir='ltr'>nimium</span> <span class='ocrx_word' id='word_1_198' title='bbox 1737 2477 1775 2551; x_wconf 93' lang='lat' dir='ltr'>in</span> <span class='ocrx_word' id='word_1_199' title='bbox 1812 2505 1880 2553; x_wconf 89' lang='lat' dir='ltr'>nu-</span> 
     </span>
    </p>
   </div>
   <div class='ocr_carea' id='block_1_10' title="bbox 1093 2581 1881 2684">
    <p class='ocr_par' dir='ltr' id='par_1_10' title="bbox 1093 2581 1881 2684">
     <span class='ocr_line' id='line_1_37' title="bbox 1093 2581 1881 2684; baseline 0 -28"><span class='ocrx_word' id='word_1_200' title='bbox 1093 2582 1631 2658; x_wconf 49' lang='lat' dir='ltr'>*marenx-:serevinereomm</span> <span class='ocrx_word' id='word_1_201' title='bbox 1660 2583 1788 2684; x_wconf 76' lang='lat' dir='ltr'>eopia,</span> <span class='ocrx_word' id='word_1_202' title='bbox 1824 2581 1881 2656; x_wconf 77' lang='lat' dir='ltr'>itu</span> 
     </span>
    </p>
   </div>
   <div class='ocr_carea' id='block_1_11' title="bbox 1114 2677 1881 2889">
    <p class='ocr_par' dir='ltr' id='par_1_11' title="bbox 1114 2677 1881 2889">
     <span class='ocr_line' id='line_1_38' title="bbox 1114 2677 1881 2782; baseline -0.001 -24"><span class='ocrx_word' id='word_1_203' title='bbox 1114 2705 1155 2758; x_wconf 89' lang='lat' dir='ltr'>ut</span> <span class='ocrx_word' id='word_1_204' title='bbox 1180 2683 1422 2760; x_wconf 68' lang='lat' dir='ltr'>formihbiies</span> <span class='ocrx_word' id='word_1_205' title='bbox 1441 2682 1521 2782; x_wconf 68' lang='lat' dir='ltr'>ipsis</span> <span class='ocrx_word' id='word_1_206' title='bbox 1544 2677 1732 2774; x_wconf 81' lang='lat' dir='ltr'>Dominis,</span> <span class='ocrx_word' id='word_1_207' title='bbox 1760 2679 1799 2756; x_wconf 77' lang='grc' dir='ltr'>δι</span> <span class='ocrx_word' id='word_1_208' title='bbox 1825 2709 1881 2757; x_wconf 89' lang='lat' dir='ltr'>re·-</span> 
     </span>
     <span class='ocr_line' id='line_1_39' title="bbox 1114 2783 1881 2889; baseline 0 -31"><span class='ocrx_word' id='word_1_209' title='bbox 1114 2787 1474 2884; x_wconf 80' lang='lat' dir='ltr'>liquaeLiberororn&#39;</span> <span class='ocrx_word' id='word_1_210' title='bbox 1504 2783 1735 2889; x_wconf 85' lang='lat' dir='ltr'>Reipublicae</span> <span class='ocrx_word' id='word_1_211' title='bbox 1756 2784 1881 2860; x_wconf 83' lang='lat' dir='ltr'>evasu-</span> 
     </span>
    </p>
   </div>
   <div class='ocr_carea' id='block_1_12' title="bbox 239 2883 1880 2979">
    <p class='ocr_par' dir='ltr' id='par_1_12' title="bbox 239 2883 1880 2979">
     <span class='ocr_line' id='line_1_40' title="bbox 239 2883 1880 2979; baseline 0.004 -25"><span class='ocrx_word' id='word_1_212' title='bbox 239 2888 280 2972; x_wconf 64' lang='grc' dir='ltr'>ἄρ</span> <span class='ocrx_word' id='word_1_213' title='bbox 306 2883 386 2979; x_wconf 69' lang='lat' dir='ltr'>Vig&#39;o</span> <span class='ocrx_word' id='word_1_214' title='bbox 421 2884 562 2956; x_wconf 78' lang='lat' dir='ltr'>Libiarro</span> <span class='ocrx_word' id='word_1_215' title='bbox 597 2887 633 2952; x_wconf 83' lang='lat' dir='ltr'>ira</span> <span class='ocrx_word' id='word_1_216' title='bbox 668 2885 808 2977; x_wconf 77' lang='lat' dir='ltr'>conjogio</span> <span class='ocrx_word' id='word_1_217' title='bbox 837 2885 1006 2974; x_wconf 76' lang='lat' dir='ltr'>sociavit:</span> <span class='ocrx_word' id='word_1_218' title='bbox 1044 2897 1076 2968; x_wconf 87' lang='lat' dir='ltr'>C</span> <span class='ocrx_word' id='word_1_219' title='bbox 1114 2887 1145 2960; x_wconf 80' lang='lat' dir='ltr'>ti</span> <span class='ocrx_word' id='word_1_220' title='bbox 1173 2885 1335 2960; x_wconf 75' lang='lat' dir='ltr'>iudffent.</span> <span class='ocrx_word' id='word_1_221' title='bbox 1363 2887 1583 2961; x_wconf 80' lang='lat' dir='ltr'>Diututnum</span> <span class='ocrx_word' id='word_1_222' title='bbox 1611 2887 1781 2960; x_wconf 83' lang='lat' dir='ltr'>videlicet</span> <span class='ocrx_word' id='word_1_223' title='bbox 1808 2885 1880 2960; x_wconf 59' lang='lat' dir='ltr'>set*</span> 
     </span>
    </p>
   </div>
   <div class='ocr_carea' id='block_1_13' title="bbox 240 2981 1007 3790">
    <p class='ocr_par' dir='ltr' id='par_1_13' title="bbox 240 2981 1007 3586">
     <span class='ocr_line' id='line_1_41' title="bbox 241 2981 1006 3082; baseline 0.001 -26"><span class='ocrx_word' id='word_1_224' title='bbox 241 2985 326 3056; x_wconf 67' lang='lat' dir='ltr'>auae</span> <span class='ocrx_word' id='word_1_225' title='bbox 349 2982 395 3056; x_wconf 82' lang='lat' dir='ltr'>ab</span> <span class='ocrx_word' id='word_1_226' title='bbox 418 2986 486 3056; x_wconf 74' lang='lat' dir='ltr'>baa·</span> <span class='ocrx_word' id='word_1_227' title='bbox 501 2984 555 3054; x_wconf 81' lang='lat' dir='ltr'>die</span> <span class='ocrx_word' id='word_1_228' title='bbox 573 2981 617 3055; x_wconf 63' lang='lat' dir='ltr'>‘in</span> <span class='ocrx_word' id='word_1_229' title='bbox 643 3001 702 3056; x_wconf 86' lang='lat' dir='ltr'>tua</span> <span class='ocrx_word' id='word_1_230' title='bbox 721 2981 784 3080; x_wconf 88' lang='lat' dir='ltr'>qui</span> <span class='ocrx_word' id='word_1_231' title='bbox 811 2981 911 3082; x_wconf 83' lang='lat' dir='ltr'>supra</span> <span class='ocrx_word' id='word_1_232' title='bbox 929 2987 1006 3057; x_wconf 87' lang='lat' dir='ltr'>To·</span> 
     </span>
     <span class='ocr_line' id='line_1_42' title="bbox 242 3081 1007 3184; baseline -0.003 -24"><span class='ocrx_word' id='word_1_233' title='bbox 242 3084 348 3176; x_wconf 89' lang='lat' dir='ltr'>toni,</span> <span class='ocrx_word' id='word_1_234' title='bbox 384 3087 443 3158; x_wconf 82' lang='lat' dir='ltr'>vel</span> <span class='ocrx_word' id='word_1_235' title='bbox 471 3083 513 3157; x_wconf 88' lang='lat' dir='ltr'>ad</span> <span class='ocrx_word' id='word_1_236' title='bbox 549 3082 736 3158; x_wconf 84' lang='lat' dir='ltr'>heredibus</span> <span class='ocrx_word' id='word_1_237' title='bbox 762 3082 833 3158; x_wconf 86' lang='lat' dir='ltr'>tuis</span> <span class='ocrx_word' id='word_1_238' title='bbox 870 3081 1007 3184; x_wconf 85' lang='lat' dir='ltr'>perma-</span> 
     </span>
     <span class='ocr_line' id='line_1_43' title="bbox 241 3183 1005 3286; baseline -0.003 -25"><span class='ocrx_word' id='word_1_239' title='bbox 241 3205 324 3261; x_wconf 87' lang='lat' dir='ltr'>neat</span> <span class='ocrx_word' id='word_1_240' title='bbox 335 3185 524 3286; x_wconf 86' lang='lat' dir='ltr'>potestate,</span> <span class='ocrx_word' id='word_1_241' title='bbox 534 3183 641 3259; x_wconf 83' lang='lat' dir='ltr'>saiwa</span> <span class='ocrx_word' id='word_1_242' title='bbox 652 3186 873 3260; x_wconf 80' lang='lat' dir='ltr'>Libertatem</span> <span class='ocrx_word' id='word_1_243' title='bbox 887 3185 980 3261; x_wconf 88' lang='lat' dir='ltr'>suam</span> <span class='ocrx_word' id='word_1_244' title='bbox 995 3241 1005 3278; x_wconf 93' lang='lat'>,</span> 
     </span>
     <span class='ocr_line' id='line_1_44' title="bbox 240 3286 1006 3386; baseline 0 -24"><span class='ocrx_word' id='word_1_245' title='bbox 240 3313 416 3362; x_wconf 87' lang='lat' dir='ltr'>unacum</span> <span class='ocrx_word' id='word_1_246' title='bbox 445 3286 752 3385; x_wconf 86' lang='lat' dir='ltr'>agnitione......</span> <span class='ocrx_word' id='word_1_247' title='bbox 774 3289 899 3380; x_wconf 78' lang='lat' dir='ltr'>saeris,</span> <span class='ocrx_word' id='word_1_248' title='bbox 926 3317 1006 3386; x_wconf 85' lang='lat' dir='ltr'>qaa-</span> 
     </span>
     <span class='ocr_line' id='line_1_45' title="bbox 241 3385 1007 3484; baseline 0.007 -25"><span class='ocrx_word' id='word_1_249' title='bbox 241 3389 318 3462; x_wconf 78' lang='lat' dir='ltr'>iiter</span> <span class='ocrx_word' id='word_1_250' title='bbox 351 3389 469 3484; x_wconf 82' lang='lat' dir='ltr'>iegitur</span> <span class='ocrx_word' id='word_1_251' title='bbox 502 3385 639 3480; x_wconf 68' lang='lat' dir='ltr'>confidis</span> <span class='ocrx_word' id='word_1_252' title='bbox 673 3389 791 3461; x_wconf 80' lang='lat' dir='ltr'>notitia</span> <span class='ocrx_word' id='word_1_253' title='bbox 818 3389 935 3461; x_wconf 79' lang='lat' dir='ltr'>&#39;brevis</span> <span class='ocrx_word' id='word_1_254' title='bbox 957 3417 1007 3464; x_wconf 79' lang='lat' dir='ltr'>m·</span> 
     </span>
     <span class='ocr_line' id='line_1_46' title="bbox 241 3489 751 3586; baseline 0.002 -24"><span class='ocrx_word' id='word_1_255' title='bbox 241 3494 406 3562; x_wconf 73' lang='lat' dir='ltr'>moratoria</span> <span class='ocrx_word' id='word_1_256' title='bbox 430 3493 470 3561; x_wconf 83' lang='lat' dir='ltr'>de</span> <span class='ocrx_word' id='word_1_257' title='bbox 496 3489 562 3586; x_wconf 76' lang='lat' dir='ltr'>ipla</span> <span class='ocrx_word' id='word_1_258' title='bbox 590 3492 751 3563; x_wconf 82' lang='lat' dir='ltr'>Maudio.</span> 
     </span>
    </p>

    <p class='ocr_par' dir='ltr' id='par_1_14' title="bbox 241 3590 1007 3790">
     <span class='ocr_line' id='line_1_47' title="bbox 291 3590 1007 3681; baseline 0.001 -15"><span class='ocrx_word' id='word_1_259' title='bbox 291 3599 395 3666; x_wconf 73' lang='lat' dir='ltr'>Anna</span> <span class='ocrx_word' id='word_1_260' title='bbox 431 3597 553 3681; x_wconf 79' lang='lat' dir='ltr'>Damno</span> <span class='ocrx_word' id='word_1_261' title='bbox 588 3590 751 3674; x_wconf 83' lang='lat' dir='ltr'>Desiderio</span> <span class='ocrx_word' id='word_1_262' title='bbox 776 3607 825 3669; x_wconf 50' lang='grc' dir='ltr'>(θ’</span> <span class='ocrx_word' id='word_1_263' title='bbox 849 3594 1007 3666; x_wconf 71' lang='lat' dir='ltr'>Adelcha&#39;s</span> 
     </span>
     <span class='ocr_line' id='line_1_48' title="bbox 241 3693 1007 3790; baseline 0.003 -26"><span class='ocrx_word' id='word_1_264' title='bbox 241 3693 330 3764; x_wconf 83' lang='lat' dir='ltr'>Viris</span> <span class='ocrx_word' id='word_1_265' title='bbox 352 3693 610 3784; x_wconf 75' lang='lat' dir='ltr'>exaeiimriffimir</span> <span class='ocrx_word' id='word_1_266' title='bbox 632 3697 776 3790; x_wconf 80' lang='lat' dir='ltr'>Regibus</span> <span class='ocrx_word' id='word_1_267' title='bbox 802 3695 1007 3789; x_wconf 77' lang='lat' dir='ltr'>‚Quintodeei-</span> 
     </span>
    </p>
   </div>
   <div class='ocr_carea' id='block_1_14' title="bbox 1113 2985 1882 3779">
    <p class='ocr_par' dir='ltr' id='par_1_15' title="bbox 1113 2985 1882 3779">
     <span class='ocr_line' id='line_1_49' title="bbox 1114 2985 1880 3089; baseline 0.008 -33"><span class='ocrx_word' id='word_1_268' title='bbox 1114 2986 1270 3073; x_wconf 83' lang='lat' dir='ltr'>vitium,</span> <span class='ocrx_word' id='word_1_269' title='bbox 1306 2985 1450 3061; x_wconf 83' lang='lat' dir='ltr'>solertia</span> <span class='ocrx_word' id='word_1_270' title='bbox 1478 2989 1525 3061; x_wconf 85' lang='lat' dir='ltr'>·in</span> <span class='ocrx_word' id='word_1_271' title='bbox 1556 2989 1722 3089; x_wconf 84' lang='lat' dir='ltr'>agendis,</span> <span class='ocrx_word' id='word_1_272' title='bbox 1757 2989 1880 3062; x_wconf 82' lang='lat' dir='ltr'>oblata</span> 
     </span>
     <span class='ocr_line' id='line_1_50' title="bbox 1114 3081 1880 3190; baseline 0.017 -36"><span class='ocrx_word' id='word_1_273' title='bbox 1114 3081 1235 3158; x_wconf 88' lang='lat' dir='ltr'>abeis</span> <span class='ocrx_word' id='word_1_274' title='bbox 1265 3085 1413 3182; x_wconf 81' lang='lat' dir='ltr'>pecunia</span> <span class='ocrx_word' id='word_1_275' title='bbox 1446 3091 1566 3160; x_wconf 87' lang='lat' dir='ltr'>multo</span> <span class='ocrx_word' id='word_1_276' title='bbox 1601 3091 1721 3164; x_wconf 90' lang='lat' dir='ltr'>labore</span> <span class='ocrx_word' id='word_1_277' title='bbox 1751 3115 1880 3190; x_wconf 83' lang='lat' dir='ltr'>nonge-</span> 
     </span>
     <span class='ocr_line' id='line_1_51' title="bbox 1113 3182 1880 3284; baseline 0.014 -28"><span class='ocrx_word' id='word_1_278' title='bbox 1113 3183 1182 3264; x_wconf 82' lang='lat' dir='ltr'>sta,</span> <span class='ocrx_word' id='word_1_279' title='bbox 1218 3182 1334 3258; x_wconf 83' lang='lat' dir='ltr'>aliare</span> <span class='ocrx_word' id='word_1_280' title='bbox 1370 3184 1408 3258; x_wconf 91' lang='lat' dir='ltr'>in</span> <span class='ocrx_word' id='word_1_281' title='bbox 1447 3187 1643 3262; x_wconf 90' lang='lat' dir='ltr'>Dominum</span> <span class='ocrx_word' id='word_1_282' title='bbox 1682 3190 1880 3284; x_wconf 82' lang='lat' dir='ltr'>beneficia,</span> 
     </span>
     <span class='ocr_line' id='line_1_52' title="bbox 1113 3284 1880 3384; baseline 0.016 -26"><span class='ocrx_word' id='word_1_283' title='bbox 1113 3303 1252 3384; x_wconf 84' lang='lat' dir='ltr'>gratum</span> <span class='ocrx_word' id='word_1_284' title='bbox 1279 3284 1380 3360; x_wconf 87' lang='lat' dir='ltr'>illius</span> <span class='ocrx_word' id='word_1_285' title='bbox 1406 3285 1567 3362; x_wconf 77' lang='lat' dir='ltr'>animum</span> <span class='ocrx_word' id='word_1_286' title='bbox 1596 3291 1810 3381; x_wconf 86' lang='lat' dir='ltr'>movebant,</span> <span class='ocrx_word' id='word_1_287' title='bbox 1838 3311 1880 3370; x_wconf 91' lang='lat' dir='ltr'>ut</span> 
     </span>
     <span class='ocr_line' id='line_1_53' title="bbox 1113 3383 1879 3470; baseline 0.01 -8"><span class='ocrx_word' id='word_1_288' title='bbox 1113 3386 1230 3462; x_wconf 79' lang='lat' dir='ltr'>Servis</span> <span class='ocrx_word' id='word_1_289' title='bbox 1264 3385 1307 3462; x_wconf 91' lang='lat' dir='ltr'>de</span> <span class='ocrx_word' id='word_1_290' title='bbox 1345 3383 1379 3462; x_wconf 92' lang='lat' dir='ltr'>se</span> <span class='ocrx_word' id='word_1_291' title='bbox 1414 3388 1501 3464; x_wconf 89' lang='lat' dir='ltr'>bene</span> <span class='ocrx_word' id='word_1_292' title='bbox 1527 3390 1667 3464; x_wconf 83' lang='lat' dir='ltr'>meritis</span> <span class='ocrx_word' id='word_1_293' title='bbox 1693 3392 1879 3470; x_wconf 85' lang='lat' dir='ltr'>uinculum</span> 
     </span>
     <span class='ocr_line' id='line_1_54' title="bbox 1116 3485 1879 3572; baseline 0.01 -10"><span class='ocrx_word' id='word_1_294' title='bbox 1116 3489 1306 3564; x_wconf 70' lang='lat' dir='ltr'>servitutis</span> <span class='ocrx_word' id='word_1_295' title='bbox 1338 3489 1480 3564; x_wconf 84' lang='lat' dir='ltr'>tandem</span> <span class='ocrx_word' id='word_1_296' title='bbox 1517 3485 1713 3567; x_wconf 79' lang='lat' dir='ltr'>adimeret.</span> <span class='ocrx_word' id='word_1_297' title='bbox 1750 3495 1879 3572; x_wconf 86' lang='lat' dir='ltr'>Franci</span> 
     </span>
     <span class='ocr_line' id='line_1_55' title="bbox 1114 3591 1880 3690; baseline 0.009 -24"><span class='ocrx_word' id='word_1_298' title='bbox 1114 3591 1223 3666; x_wconf 84' lang='lat' dir='ltr'>etiam</span> <span class='ocrx_word' id='word_1_299' title='bbox 1251 3593 1364 3690; x_wconf 80' lang='lat' dir='ltr'>Reges</span> <span class='ocrx_word' id='word_1_300' title='bbox 1399 3613 1455 3689; x_wconf 83' lang='lat' dir='ltr'>pra</span> <span class='ocrx_word' id='word_1_301' title='bbox 1483 3595 1662 3668; x_wconf 75' lang='lat' dir='ltr'>nativitate</span> <span class='ocrx_word' id='word_1_302' title='bbox 1681 3595 1779 3687; x_wconf 80' lang='lat' dir='ltr'>filii,</span> <span class='ocrx_word' id='word_1_303' title='bbox 1814 3613 1880 3672; x_wconf 84' lang='lat' dir='ltr'>aut</span> 
     </span>
     <span class='ocr_line' id='line_1_56' title="bbox 1113 3690 1882 3779; baseline 0.007 -11"><span class='ocrx_word' id='word_1_304' title='bbox 1113 3695 1161 3768; x_wconf 87' lang='lat' dir='ltr'>ob</span> <span class='ocrx_word' id='word_1_305' title='bbox 1187 3690 1274 3766; x_wconf 81' lang='lat' dir='ltr'>alias</span> <span class='ocrx_word' id='word_1_306' title='bbox 1304 3693 1464 3769; x_wconf 84' lang='lat' dir='ltr'>laetitiae</span> <span class='ocrx_word' id='word_1_307' title='bbox 1489 3695 1644 3779; x_wconf 75' lang='lat' dir='ltr'>caussas,</span> <span class='ocrx_word' id='word_1_308' title='bbox 1670 3697 1882 3774; x_wconf 69' lang='lat' dir='ltr'>fomitibus</span> 
     </span>
    </p>
   </div>
   <div class='ocr_carea' id='block_1_15' title="bbox 238 3792 1882 3892">
    <p class='ocr_par' dir='ltr' id='par_1_16' title="bbox 238 3792 1882 3892">
     <span class='ocr_line' id='line_1_57' title="bbox 238 3792 1882 3892; baseline 0.005 -27"><span class='ocrx_word' id='word_1_309' title='bbox 238 3819 288 3866; x_wconf 86' lang='lat' dir='ltr'>mo</span> <span class='ocrx_word' id='word_1_310' title='bbox 300 3843 312 3876; x_wconf 90' lang='lat'>,</span> <span class='ocrx_word' id='word_1_311' title='bbox 358 3792 405 3872; x_wconf 66' lang='lat' dir='ltr'>dr</span> <span class='ocrx_word' id='word_1_312' title='bbox 441 3794 654 3871; x_wconf 77' lang='lat' dir='ltr'>Duodecimn.</span> <span class='ocrx_word' id='word_1_313' title='bbox 690 3793 752 3886; x_wconf 73' lang='lat' dir='ltr'>fieb</span> <span class='ocrx_word' id='word_1_314' title='bbox 793 3799 847 3865; x_wconf 83' lang='lat' dir='ltr'>die</span> <span class='ocrx_word' id='word_1_315' title='bbox 888 3797 1005 3869; x_wconf 73' lang='lat' dir='ltr'>odiar·</span> <span class='ocrx_word' id='word_1_316' title='bbox 1045 3795 1077 3863; x_wconf 90' lang='lat' dir='ltr'>D</span> <span class='ocrx_word' id='word_1_317' title='bbox 1115 3793 1349 3887; x_wconf 87' lang='lat' dir='ltr'>mandabant,</span> <span class='ocrx_word' id='word_1_318' title='bbox 1385 3817 1422 3868; x_wconf 81' lang='lat' dir='ltr'>ur</span> <span class='ocrx_word' id='word_1_319' title='bbox 1454 3817 1511 3892; x_wconf 84' lang='lat' dir='ltr'>per</span> <span class='ocrx_word' id='word_1_320' title='bbox 1545 3823 1647 3870; x_wconf 78' lang='lat' dir='ltr'>amnes</span> <span class='ocrx_word' id='word_1_321' title='bbox 1662 3793 1667 3805; x_wconf 77' lang='grc'><strong>’</strong></span> <span class='ocrx_word' id='word_1_322' title='bbox 1681 3801 1788 3873; x_wconf 76' lang='lat' dir='ltr'>Villae</span> <span class='ocrx_word' id='word_1_323' title='bbox 1821 3827 1882 3874; x_wconf 87' lang='lat' dir='ltr'>rm-</span> 
     </span>
    </p>
   </div>
   <div class='ocr_carea' id='block_1_16' title="bbox 234 4001 1005 5109">
    <p class='ocr_par' dir='ltr' id='par_1_17' title="bbox 234 4001 1005 5109">
     <span class='ocr_line' id='line_1_58' title="bbox 240 4001 359 4070; baseline -0.017 0"><span class='ocrx_word' id='word_1_324' title='bbox 240 4001 359 4070; x_wconf 83' lang='lat' dir='ltr'>Nona.</span> 
     </span>
     <span class='ocr_line' id='line_1_59' title="bbox 288 4097 1005 4195; baseline 0.007 -27"><span class='ocrx_word' id='word_1_325' title='bbox 288 4098 426 4194; x_wconf 82' lang='lat' dir='ltr'>Signum</span> <span class='ocrx_word' id='word_1_326' title='bbox 451 4123 565 4169; x_wconf 85' lang='lat' dir='ltr'>marrus</span> <span class='ocrx_word' id='word_1_327' title='bbox 589 4105 734 4195; x_wconf 66' lang='lat' dir='ltr'>aarpm</span> <span class='ocrx_word' id='word_1_328' title='bbox 760 4127 791 4171; x_wconf 91' lang='lat' dir='ltr'>a.</span> <span class='ocrx_word' id='word_1_329' title='bbox 819 4101 854 4172; x_wconf 83' lang='lat' dir='ltr'>d.</span> <span class='ocrx_word' id='word_1_330' title='bbox 880 4097 1005 4173; x_wconf 70' lang='lat' dir='ltr'>Adime</span> 
     </span>
     <span class='ocr_line' id='line_1_60' title="bbox 239 4199 1004 4297; baseline 0.001 -24"><span class='ocrx_word' id='word_1_331' title='bbox 239 4199 360 4273; x_wconf 82' lang='lat' dir='ltr'>Domai</span> <span class='ocrx_word' id='word_1_332' title='bbox 385 4199 508 4296; x_wconf 85' lang='lat' dir='ltr'>Regis,</span> <span class='ocrx_word' id='word_1_333' title='bbox 543 4200 600 4297; x_wconf 82' lang='lat' dir='ltr'>qui</span> <span class='ocrx_word' id='word_1_334' title='bbox 626 4199 693 4296; x_wconf 83' lang='lat' dir='ltr'>ipso</span> <span class='ocrx_word' id='word_1_335' title='bbox 716 4199 823 4273; x_wconf 81' lang='lat' dir='ltr'>breuis</span> <span class='ocrx_word' id='word_1_336' title='bbox 847 4199 929 4292; x_wconf 80' lang='lat' dir='ltr'>fieri</span> <span class='ocrx_word' id='word_1_337' title='bbox 951 4227 1004 4285; x_wconf 85' lang='lat' dir='ltr'>ro-</span> 
     </span>
     <span class='ocr_line' id='line_1_61' title="bbox 262 4301 355 4374; baseline 0 -1"><span class='ocrx_word' id='word_1_338' title='bbox 262 4301 355 4374; x_wconf 75' lang='lat' dir='ltr'>avis.</span> 
     </span>
     <span class='ocr_line' id='line_1_62' title="bbox 234 4327 1002 4498; baseline 0.007 -24"><span class='ocrx_word' id='word_1_339' title='bbox 234 4327 262 4399; x_wconf 63' lang='lat' dir='ltr'><em>g</em></span> <span class='ocrx_word' id='word_1_340' title='bbox 290 4403 428 4498; x_wconf 76' lang='lat' dir='ltr'>Sigeum</span> <span class='ocrx_word' id='word_1_341' title='bbox 453 4427 566 4476; x_wconf 75' lang='lat' dir='ltr'>nunus</span> <span class='ocrx_word' id='word_1_342' title='bbox 590 4403 757 4495; x_wconf 73' lang='lat' dir='ltr'>Iohannis</span> <span class='ocrx_word' id='word_1_343' title='bbox 780 4431 812 4478; x_wconf 90' lang='lat' dir='ltr'>a.</span> <span class='ocrx_word' id='word_1_344' title='bbox 837 4406 872 4480; x_wconf 86' lang='lat' dir='ltr'>d.</span> <span class='ocrx_word' id='word_1_345' title='bbox 898 4405 1002 4479; x_wconf 68' lang='grc' dir='ltr'><strong><em>θ’...</em></strong></span> 
     </span>
     <span class='ocr_line' id='line_1_63' title="bbox 239 4505 956 4600; baseline 0.008 -26"><span class='ocrx_word' id='word_1_346' title='bbox 239 4505 280 4574; x_wconf 82' lang='lat' dir='ltr'>de</span> <span class='ocrx_word' id='word_1_347' title='bbox 307 4507 387 4600; x_wconf 86' lang='lat' dir='ltr'>Viga</span> <span class='ocrx_word' id='word_1_348' title='bbox 412 4505 567 4578; x_wconf 85' lang='lat' dir='ltr'>Luacba.</span> <span class='ocrx_word' id='word_1_349' title='bbox 645 4505 649 4514; x_wconf 78' lang='grc'><strong>’</strong></span> <span class='ocrx_word' id='word_1_350' title='bbox 954 4585 956 4592; x_wconf 57' lang='grc'>,</span> 
     </span>
     <span class='ocr_line' id='line_1_64' title="bbox 250 4605 1000 4697; baseline 0.009 -21"><span class='ocrx_word' id='word_1_351' title='bbox 250 4651 254 4656; x_wconf 94' lang='grc'><strong>-</strong></span> <span class='ocrx_word' id='word_1_352' title='bbox 290 4605 470 4697; x_wconf 80' lang='lat' dir='ltr'>Gisefredras</span> <span class='ocrx_word' id='word_1_353' title='bbox 495 4635 527 4680; x_wconf 89' lang='lat' dir='ltr'>a.</span> <span class='ocrx_word' id='word_1_354' title='bbox 552 4607 587 4681; x_wconf 80' lang='lat' dir='ltr'>d.</span> <span class='ocrx_word' id='word_1_355' title='bbox 612 4606 686 4678; x_wconf 82' lang='lat' dir='ltr'>baie</span> <span class='ocrx_word' id='word_1_356' title='bbox 718 4607 825 4679; x_wconf 81' lang='lat' dir='ltr'>breuis</span> <span class='ocrx_word' id='word_1_357' title='bbox 850 4635 1000 4684; x_wconf 87' lang='lat' dir='ltr'>memora-</span> 
     </span>
     <span class='ocr_line' id='line_1_65' title="bbox 238 4707 1002 4809; baseline 0.007 -31"><span class='ocrx_word' id='word_1_358' title='bbox 238 4707 318 4780; x_wconf 77' lang='lat' dir='ltr'>toria</span> <span class='ocrx_word' id='word_1_359' title='bbox 355 4709 397 4778; x_wconf 85' lang='lat' dir='ltr'>de</span> <span class='ocrx_word' id='word_1_360' title='bbox 437 4709 581 4780; x_wconf 80' lang='lat' dir='ltr'>Maudio</span> <span class='ocrx_word' id='word_1_361' title='bbox 618 4727 746 4806; x_wconf 82' lang='lat' dir='ltr'>rogatus</span> <span class='ocrx_word' id='word_1_362' title='bbox 779 4712 825 4782; x_wconf 78' lang='lat' dir='ltr'>ad</span> <span class='ocrx_word' id='word_1_363' title='bbox 857 4717 1002 4809; x_wconf 70' lang='lat' dir='ltr'>Aarprrr</span> 
     </span>
     <span class='ocr_line' id='line_1_66' title="bbox 238 4805 950 4911; baseline 0.006 -27"><span class='ocrx_word' id='word_1_364' title='bbox 238 4805 362 4884; x_wconf 68' lang='lat' dir='ltr'>Aaou</span> <span class='ocrx_word' id='word_1_365' title='bbox 385 4809 507 4881; x_wconf 76' lang='lat' dir='ltr'>Domni</span> <span class='ocrx_word' id='word_1_366' title='bbox 531 4810 636 4907; x_wconf 85' lang='lat' dir='ltr'>Regis</span> <span class='ocrx_word' id='word_1_367' title='bbox 657 4809 746 4898; x_wconf 79' lang='lat' dir='ltr'>testes</span> <span class='ocrx_word' id='word_1_368' title='bbox 764 4811 950 4911; x_wconf 76' lang='lat' dir='ltr'>[abscripfi.</span> 
     </span>
     <span class='ocr_line' id='line_1_67' title="bbox 288 4911 996 5008; baseline 0.008 -26"><span class='ocrx_word' id='word_1_369' title='bbox 288 4913 362 5007; x_wconf 82' lang='lat' dir='ltr'>Ego</span> <span class='ocrx_word' id='word_1_370' title='bbox 370 4963 505 4986; x_wconf 93' lang='grc'><strong>.......</strong></span> <span class='ocrx_word' id='word_1_371' title='bbox 541 4931 612 5007; x_wconf 82' lang='lat' dir='ltr'>perr</span> <span class='ocrx_word' id='word_1_372' title='bbox 638 4911 791 5008; x_wconf 83' lang='lat' dir='ltr'>indignus</span> <span class='ocrx_word' id='word_1_373' title='bbox 816 4913 996 4999; x_wconf 62' lang='lat' dir='ltr'>Presbirem</span> 
     </span>
     <span class='ocr_line' id='line_1_68' title="bbox 236 5011 996 5109; baseline 0.003 -23"><span class='ocrx_word' id='word_1_374' title='bbox 236 5012 378 5109; x_wconf 81' lang='lat' dir='ltr'>Scriprar</span> <span class='ocrx_word' id='word_1_375' title='bbox 401 5011 498 5106; x_wconf 77' lang='lat' dir='ltr'>hujus</span> <span class='ocrx_word' id='word_1_376' title='bbox 531 5012 638 5084; x_wconf 77' lang='lat' dir='ltr'>brevis</span> <span class='ocrx_word' id='word_1_377' title='bbox 663 5015 874 5086; x_wconf 79' lang='lat' dir='ltr'>memoratoria</span> <span class='ocrx_word' id='word_1_378' title='bbox 882 5069 996 5096; x_wconf 90' lang='grc'><strong>......</strong></span> 
     </span>
    </p>
   </div>
   <div class='ocr_carea' id='block_1_17' title="bbox 234 5112 617 5211">
    <p class='ocr_par' dir='ltr' id='par_1_18' title="bbox 234 5112 617 5211">
     <span class='ocr_line' id='line_1_69' title="bbox 234 5112 617 5211; baseline 0.01 -25"><span class='ocrx_word' id='word_1_379' title='bbox 234 5112 376 5211; x_wconf 66' lang='lat' dir='ltr'>paneada·</span> <span class='ocrx_word' id='word_1_380' title='bbox 385 5166 476 5190; x_wconf 93' lang='lat'>.....</span> <span class='ocrx_word' id='word_1_381' title='bbox 500 5113 617 5190; x_wconf 79' lang='lat' dir='ltr'>dedit.</span> 
     </span>
    </p>
   </div>
   <div class='ocr_carea' id='block_1_18' title="bbox 1041 4707 1071 4778">
    <p class='ocr_par' dir='ltr' id='par_1_19' title="bbox 1041 4707 1071 4778">
     <span class='ocr_line' id='line_1_70' title="bbox 1041 4707 1071 4778; baseline 0 0"><span class='ocrx_word' id='word_1_382' title='bbox 1041 4707 1071 4778; x_wconf 86' lang='lat' dir='ltr'>E</span> 
     </span>
    </p>
   </div>
   <div class='ocr_carea' id='block_1_19' title="bbox 239 3891 1880 3996">
    <p class='ocr_par' dir='ltr' id='par_1_20' title="bbox 239 3891 1880 3996">
     <span class='ocr_line' id='line_1_71' title="bbox 239 3891 1880 3996; baseline 0.004 -28"><span class='ocrx_word' id='word_1_383' title='bbox 239 3891 279 3968; x_wconf 85' lang='lat' dir='ltr'>be</span> <span class='ocrx_word' id='word_1_384' title='bbox 307 3895 530 3968; x_wconf 78' lang='lat' dir='ltr'>Kalendarum</span> <span class='ocrx_word' id='word_1_385' title='bbox 555 3895 797 3992; x_wconf 72' lang='lat' dir='ltr'>Augustarum,</span> <span class='ocrx_word' id='word_1_386' title='bbox 826 3897 1006 3970; x_wconf 67' lang='lat' dir='ltr'>indidimus</span> <span class='ocrx_word' id='word_1_387' title='bbox 1108 3896 1194 3984; x_wconf 75' lang='lat' dir='ltr'>flrar</span> <span class='ocrx_word' id='word_1_388' title='bbox 1219 3895 1254 3967; x_wconf 82' lang='lat' dir='ltr'>ia</span> <span class='ocrx_word' id='word_1_389' title='bbox 1279 3895 1390 3970; x_wconf 64' lang='lat' dir='ltr'>sardo</span> <span class='ocrx_word' id='word_1_390' title='bbox 1415 3905 1530 3996; x_wconf 77' lang='lat' dir='ltr'>Regae</span> <span class='ocrx_word' id='word_1_391' title='bbox 1554 3921 1617 3971; x_wconf 85' lang='lat' dir='ltr'>rrer</span> <span class='ocrx_word' id='word_1_392' title='bbox 1642 3901 1781 3973; x_wconf 80' lang='lat' dir='ltr'>homines</span> <span class='ocrx_word' id='word_1_393' title='bbox 1803 3909 1880 3975; x_wconf 73' lang='lat' dir='ltr'>Ser-</span> 
     </span>
    </p>
   </div>
   <div class='ocr_carea' id='block_1_20' title="bbox 1112 3999 1880 5206">
    <p class='ocr_par' dir='ltr' id='par_1_21' title="bbox 1112 3999 1880 5206">
     <span class='ocr_line' id='line_1_72' title="bbox 1112 3999 1880 4102; baseline 0.009 -33"><span class='ocrx_word' id='word_1_394' title='bbox 1112 3999 1237 4070; x_wconf 70' lang='lat' dir='ltr'>vientes</span> <span class='ocrx_word' id='word_1_395' title='bbox 1274 3999 1310 4069; x_wconf 85' lang='lat' dir='ltr'>in</span> <span class='ocrx_word' id='word_1_396' title='bbox 1344 4019 1473 4096; x_wconf 80' lang='lat' dir='ltr'>utroque</span> <span class='ocrx_word' id='word_1_397' title='bbox 1505 3999 1585 4092; x_wconf 79' lang='lat' dir='ltr'>sexu</span> <span class='ocrx_word' id='word_1_398' title='bbox 1619 4001 1654 4073; x_wconf 82' lang='lat' dir='ltr'>in</span> <span class='ocrx_word' id='word_1_399' title='bbox 1691 4029 1880 4102; x_wconf 79' lang='lat' dir='ltr'>unaquaque</span> 
     </span>
     <span class='ocr_line' id='line_1_73' title="bbox 1116 4101 1878 4196; baseline 0.013 -25"><span class='ocrx_word' id='word_1_400' title='bbox 1116 4101 1206 4174; x_wconf 75' lang='lat' dir='ltr'>rara</span> <span class='ocrx_word' id='word_1_401' title='bbox 1227 4102 1383 4196; x_wconf 84' lang='lat' dir='ltr'>Irgemros</span> <span class='ocrx_word' id='word_1_402' title='bbox 1406 4101 1547 4174; x_wconf 79' lang='lat' dir='ltr'>relaxare</span> <span class='ocrx_word' id='word_1_403' title='bbox 1564 4102 1733 4194; x_wconf 76' lang='lat' dir='ltr'>saeererr‚·</span> <span class='ocrx_word' id='word_1_404' title='bbox 1750 4125 1790 4180; x_wconf 90' lang='lat' dir='ltr'>ut</span> <span class='ocrx_word' id='word_1_405' title='bbox 1814 4105 1878 4180; x_wconf 89' lang='lat' dir='ltr'>ha-</span> 
     </span>
     <span class='ocr_line' id='line_1_74' title="bbox 1113 4197 1878 4308; baseline 0.01 -32"><span class='ocrx_word' id='word_1_406' title='bbox 1113 4200 1173 4276; x_wconf 87' lang='lat' dir='ltr'>bet</span> <span class='ocrx_word' id='word_1_407' title='bbox 1208 4197 1405 4276; x_wconf 84' lang='lat' dir='ltr'>Marculsus</span> <span class='ocrx_word' id='word_1_408' title='bbox 1440 4201 1525 4278; x_wconf 90' lang='lat' dir='ltr'>Lib.</span> <span class='ocrx_word' id='word_1_409' title='bbox 1562 4203 1667 4302; x_wconf 74' lang='lat' dir='ltr'>prim.</span> <span class='ocrx_word' id='word_1_410' title='bbox 1697 4209 1785 4308; x_wconf 82' lang='lat' dir='ltr'>Cap.</span> <span class='ocrx_word' id='word_1_411' title='bbox 1815 4229 1878 4306; x_wconf 83' lang='lat'>39.</span> 
     </span>
     <span class='ocr_line' id='line_1_75' title="bbox 1114 4302 1879 4402; baseline 0.013 -28"><span class='ocrx_word' id='word_1_412' title='bbox 1114 4303 1383 4376; x_wconf 77' lang='lat' dir='ltr'>Fornulsrum:</span> <span class='ocrx_word' id='word_1_413' title='bbox 1410 4302 1474 4402; x_wconf 88' lang='lat' dir='ltr'>qui</span> <span class='ocrx_word' id='word_1_414' title='bbox 1498 4305 1535 4378; x_wconf 75' lang='lat' dir='ltr'>dt</span> <span class='ocrx_word' id='word_1_415' title='bbox 1562 4303 1751 4390; x_wconf 84' lang='lat' dir='ltr'>formulam</span> <span class='ocrx_word' id='word_1_416' title='bbox 1779 4309 1879 4384; x_wconf 89' lang='lat' dir='ltr'>addit</span> 
     </span>
     <span class='ocr_line' id='line_1_76' title="bbox 1113 4402 1880 4486; baseline 0.013 -10"><span class='ocrx_word' id='word_1_417' title='bbox 1113 4402 1404 4480; x_wconf 78' lang='lat' dir='ltr'>Manumiffionia</span> <span class='ocrx_word' id='word_1_418' title='bbox 1445 4405 1649 4481; x_wconf 85' lang='lat' dir='ltr'>eorumdem</span> <span class='ocrx_word' id='word_1_419' title='bbox 1690 4413 1880 4486; x_wconf 77' lang='lat' dir='ltr'>Servorum</span> 
     </span>
     <span class='ocr_line' id='line_1_77' title="bbox 1113 4505 1878 4612; baseline 0.005 -30"><span class='ocrx_word' id='word_1_420' title='bbox 1113 4505 1198 4582; x_wconf 88' lang='lat' dir='ltr'>Lib.</span> <span class='ocrx_word' id='word_1_421' title='bbox 1223 4527 1257 4580; x_wconf 83' lang='lat' dir='ltr'>a.</span> <span class='ocrx_word' id='word_1_422' title='bbox 1279 4509 1368 4608; x_wconf 81' lang='lat' dir='ltr'>Cap.</span> <span class='ocrx_word' id='word_1_423' title='bbox 1395 4525 1455 4602; x_wconf 72' lang='lat'>52.</span> <span class='ocrx_word' id='word_1_424' title='bbox 1484 4508 1549 4583; x_wconf 79' lang='lat' dir='ltr'>sed</span> <span class='ocrx_word' id='word_1_425' title='bbox 1574 4509 1688 4584; x_wconf 81' lang='lat' dir='ltr'>eauffa</span> <span class='ocrx_word' id='word_1_426' title='bbox 1714 4509 1878 4612; x_wconf 86' lang='lat' dir='ltr'>frequen-</span> 
     </span>
     <span class='ocr_line' id='line_1_78' title="bbox 1115 4606 1880 4689; baseline 0.012 -9"><span class='ocrx_word' id='word_1_427' title='bbox 1115 4606 1188 4682; x_wconf 89' lang='lat' dir='ltr'>tior</span> <span class='ocrx_word' id='word_1_428' title='bbox 1214 4607 1492 4684; x_wconf 86' lang='lat' dir='ltr'>manumittendi</span> <span class='ocrx_word' id='word_1_429' title='bbox 1520 4609 1685 4685; x_wconf 86' lang='lat' dir='ltr'>miserum</span> <span class='ocrx_word' id='word_1_430' title='bbox 1717 4611 1786 4686; x_wconf 90' lang='lat' dir='ltr'>hoc</span> <span class='ocrx_word' id='word_1_431' title='bbox 1812 4613 1880 4689; x_wconf 86' lang='lat' dir='ltr'>bo·</span> 
     </span>
     <span class='ocr_line' id='line_1_79' title="bbox 1114 4706 1879 4812; baseline 0.013 -30"><span class='ocrx_word' id='word_1_432' title='bbox 1114 4706 1253 4784; x_wconf 89' lang='lat' dir='ltr'>minum</span> <span class='ocrx_word' id='word_1_433' title='bbox 1288 4735 1396 4812; x_wconf 86' lang='lat' dir='ltr'>genus</span> <span class='ocrx_word' id='word_1_434' title='bbox 1408 4761 1419 4796; x_wconf 83' lang='lat'>,</span> <span class='ocrx_word' id='word_1_435' title='bbox 1457 4709 1528 4786; x_wconf 84' lang='lat' dir='ltr'>fuit</span> <span class='ocrx_word' id='word_1_436' title='bbox 1564 4709 1681 4786; x_wconf 87' lang='lat' dir='ltr'>Pietas</span> <span class='ocrx_word' id='word_1_437' title='bbox 1707 4709 1747 4788; x_wconf 75' lang='grc' dir='ltr'><strong>ἃ</strong></span> <span class='ocrx_word' id='word_1_438' title='bbox 1773 4714 1879 4792; x_wconf 88' lang='lat' dir='ltr'>Cari-</span> 
     </span>
     <span class='ocr_line' id='line_1_80' title="bbox 1114 4811 1877 4914; baseline 0.012 -30"><span class='ocrx_word' id='word_1_439' title='bbox 1114 4825 1167 4886; x_wconf 84' lang='lat' dir='ltr'>tas</span> <span class='ocrx_word' id='word_1_440' title='bbox 1192 4837 1273 4904; x_wconf 72' lang='lat' dir='ltr'>erga</span> <span class='ocrx_word' id='word_1_441' title='bbox 1293 4815 1430 4896; x_wconf 88' lang='lat' dir='ltr'>Deum,</span> <span class='ocrx_word' id='word_1_442' title='bbox 1458 4811 1556 4912; x_wconf 86' lang='lat' dir='ltr'>cujus</span> <span class='ocrx_word' id='word_1_443' title='bbox 1576 4839 1695 4890; x_wconf 86' lang='lat' dir='ltr'>amore</span> <span class='ocrx_word' id='word_1_444' title='bbox 1722 4817 1877 4914; x_wconf 57' lang='lat' dir='ltr'>plerum*</span> 
     </span>
     <span class='ocr_line' id='line_1_81' title="bbox 1113 4912 1877 5018; baseline 0.007 -30"><span class='ocrx_word' id='word_1_445' title='bbox 1113 4937 1182 5012; x_wconf 88' lang='lat' dir='ltr'>que</span> <span class='ocrx_word' id='word_1_446' title='bbox 1219 4912 1514 4990; x_wconf 84' lang='lat' dir='ltr'>Manumiffiones</span> <span class='ocrx_word' id='word_1_447' title='bbox 1549 4915 1743 4992; x_wconf 86' lang='lat' dir='ltr'>celebratae</span> <span class='ocrx_word' id='word_1_448' title='bbox 1777 4945 1877 5018; x_wconf 88' lang='lat' dir='ltr'>repe-</span> 
     </span>
     <span class='ocr_line' id='line_1_82' title="bbox 1113 5013 1878 5118; baseline 0.008 -28"><span class='ocrx_word' id='word_1_449' title='bbox 1113 5014 1411 5115; x_wconf 82' lang='lat' dir='ltr'>riuntur.1dque</span> <span class='ocrx_word' id='word_1_450' title='bbox 1438 5013 1654 5116; x_wconf 86' lang='lat' dir='ltr'>potiffimum</span> <span class='ocrx_word' id='word_1_451' title='bbox 1683 5016 1722 5091; x_wconf 88' lang='lat' dir='ltr'>in</span> <span class='ocrx_word' id='word_1_452' title='bbox 1749 5019 1878 5118; x_wconf 84' lang='lat' dir='ltr'>postre-</span> 
     </span>
     <span class='ocr_line' id='line_1_83' title="bbox 1113 5111 1880 5206; baseline 0.005 -12"><span class='ocrx_word' id='word_1_453' title='bbox 1113 5111 1183 5194; x_wconf 87' lang='lat' dir='ltr'>mis</span> <span class='ocrx_word' id='word_1_454' title='bbox 1210 5131 1372 5194; x_wconf 85' lang='lat' dir='ltr'>veterum</span> <span class='ocrx_word' id='word_1_455' title='bbox 1400 5117 1534 5206; x_wconf 83' lang='lat' dir='ltr'>tabulis</span> <span class='ocrx_word' id='word_1_456' title='bbox 1570 5115 1736 5196; x_wconf 81' lang='lat' dir='ltr'>ufitaturb</span> <span class='ocrx_word' id='word_1_457' title='bbox 1756 5120 1880 5206; x_wconf 79' lang='lat' dir='ltr'>dixi.</span> 
     </span>
    </p>
   </div>
   <div class='ocr_carea' id='block_1_21' title="bbox 1160 5220 1951 5298">
    <p class='ocr_par' dir='ltr' id='par_1_22' title="bbox 1160 5220 1951 5298">
     <span class='ocr_line' id='line_1_84' title="bbox 1160 5220 1951 5298; baseline 0.005 -4"><span class='ocrx_word' id='word_1_458' title='bbox 1160 5221 1352 5296; x_wconf 81' lang='lat' dir='ltr'>Cera.</span> <span class='ocrx_word' id='word_1_459' title='bbox 1784 5220 1826 5298; x_wconf 85' lang='lat' dir='ltr'>in</span> <span class='ocrx_word' id='word_1_460' title='bbox 1948 5235 1951 5242; x_wconf 80' lang='grc'><strong>“</strong></span> 
     </span>
    </p>
   </div>
   <div class='ocr_carea' id='block_1_22' title="bbox 0 0 2274 6064">
    <p class='ocr_par' dir='ltr' id='par_1_23' title="bbox 0 0 2274 6064">
     <span class='ocr_line' id='line_1_85' title="bbox 0 0 2274 6064; baseline 0 0"><span class='ocrx_word' id='word_1_461' title='bbox 0 0 2274 6064; x_wconf 95' lang='lat' dir='ltr'> </span> 
     </span>
    </p>
   </div>
  </div>
 </body>
</html>
