4536 6064
523 415 607 518 7⁶3
803 401 1215 520 ANrrfflsrT.
1264 401 1505 490 MEDII
1551 405 1738 496 Aer!

1897 489 1899 494 .
1955 420 2043 528 r6l

462 515 516 590 cis
543 522 789 622 albergobant,
820 522 956 621 ipsosque
979 524 1071 596 vidit
1102 524 1150 596 ibi
1174 525 1226 598 al·
1265 523 1299 595 A
1327 521 1442 610 standi
1459 527 1505 598 aa
1527 526 1679 598 rationem
1697 553 1766 600 eram
1789 525 1926 601 Domino
1942 537 1983 604 G.
2002 535 2092 628 Quod

462 618 516 690 ber
532 649 614 697 are.

512 649 668 822 {filippus
696 724 847 814 reslatur,
874 729 957 825 quod
989 727 1080 800 vidit
1105 729 1226 801 Notale

462 821 511 902 &¹
530 826 604 920 suos
630 828 764 922 majores
792 850 894 899 tenere
928 835 1049 902 Sortem
1074 857 1098 901 a
1122 836 1226 904 Sena·

460 945 498 997 ta
520 931 634 1000 verrios
663 929 789 1020 serum,
809 929 908 1016 sicuti
941 931 1143 1022 oslenolisur;
1167 957 1226 1028 quo

461 1049 579 1100 nrortuo
613 1030 855 1123 Malusur'cr'nus
890 1032 1084 1118 intromistt‚
1120 1031 1169 1112 ab
1203 1063 1225 1108 a

448 1135 583 1203 ,Senatu
608 1132 764 1228 usquead
783 1133 1005 1205 flumisellum
1026 1136 1117 1208 vidit
1138 1143 1224 1208 Tru-

459 1251 529 1304 tum
568 1249 686 1308 tenere
724 1259 783 1333 per
821 1235 1048 1308 Comitirsam
1089 1239 1123 1310 δι
1165 1265 1224 1336 per

1332 623 1436 720 poslea
1463 627 1546 698 inter
1564 629 1601 721 se
1620 625 1782 724 s‘erffl'ent,
1810 631 1936 728 ignerat
1945 661 1967 720 ,·
1988 638 2031 704 (9
2053 641 2090 709 ab

1333 727 1472 800 Albam
1498 735 1606 827 Burge
1639 731 1794 812 audivit,
1820 734 1903 828 quod
1928 735 2090 828 Malusvi-

1335 828 1445 910 rinus,
1463 849 1633 929 antequam
1654 836 1816 906 Geraedus
1835 840 2014 932 ngonus
2035 840 2090 910 ab·

1333 931 1493 1028 quireret,
1528 936 1681 1018 tenebat,
1718 939 1763 1006 Θ
1797 936 1882 1034 quod
1916 937 2090 1012 intrauerat

1328 1033 1397 1128 pasl
1421 1056 1548 1106 mortem
1574 1037 1694 1110 Truti.
1743 1053 1745 1060 ’
2031 1106 2037 1115 .

1381 1141 1468 1210 ΛΜ
1500 1137 1602 1226 stater
1635 1139 1795 1235 Brugnoli
1829 1137 1980 1226 teslatrrt,
2014 1145 2091 1238 quob

1331 1235 1497 1327 intersuit‚
1516 1239 1573 1311 ubi
1597 1241 1754 1312 Dominus
1776 1249 1955 1336 Raugonus
1975 1247 2090 1315 Gerar·
2213 1249 2214 1256 ’

459 1336 620 1416 Ducem,
646 1337 681 1408 δι
709 1334 893 1424 investire,
919 1358 957 1407 ur
980 1339 1122 1414 dicebar.
1158 1348 1223 1412 Po-
1329 1341 1391 1410 dus
1429 1340 1606 1436 conquesitas
1643 1340 1688 1428 esb
1726 1342 1916 1434 Consulibus
1954 1347 2090 1441 Reginis

451 1433 523 1522 slea
564 1437 806 1528 Malusviainus
845 1437 986 1511 intravit
1027 1439 1062 1511 in
1102 1449 1223 1513 Sortem
1266 1427 1295 1498 Β
1329 1441 1370 1510 de
1394 1437 1541 1521 Robora,
1569 1441 1614 1512 D·
1646 1441 1738 1514 dedis
1763 1443 1808 1514 eis
1835 1443 1988 1542 scriptam
2018 1469 2091 1542 que-

458 1533 573 1618 illam,
600 1563 695 1634 mum
729 1545 851 1612 Trusus
877 1561 1020 1614 tenmrat
1053 1569 1075 1614 a
1100 1549 1222 1616 Sanora

403 1631 407 1640 ’
456 1637 622 1734 usquead
656 1641 901 1722 flumicellum,
929 1640 977 1721 g.
1000 1643 1067 1738 pasl
1094 1663 1222 1716 mortem

456 1741 555 1812 Truti
569 1789 581 1822 ,
609 1739 656 1820 &⁴
693 1746 830 1815 nondum
859 1743 939 1835 sunt
973 1749 1080 1818 XXX.
1115 1747 1221 1820 anni.

456 1841 513 1914 De
539 1843 734 1946 albergaria
762 1843 982 1920 Nuntiatum
1010 1845 1220 1922 Comitilsac

453 1941 489 2014 8(
518 1943 631 2018 Ducis
657 1951 914 2019 concordatium
940 1955 1034 2019 Petro
1058 1955 1157 2024 Zoro.

504 2053 619 2118 Petrus
633 2049 821 2138 seminium·
843 2049 926 2120 idem
949 2049 1030 2120 dicit
1051 2053 1090 2121 de
1113 2053 1219 2123 alber-

450 2149 569 2250 garia,
595 2169 632 2218 ut
657 2149 832 2247 filippus.
859 2149 972 2229 Dicit,
998 2155 1082 2246 quod
1110 2159 1217 2226 XXX.

453 2251 534 2326 anni
563 2249 670 2342 sunt,
701 2273 819 2348 pater,
848 2251 972 2344 filius,
1007 2253 1064 2323 vel
1099 2279 1216 2335 nurus,

1330 1540 1520 1612 simoniam:
1546 1539 1595 1622 &
1629 1543 1748 1622 credie,
1774 1547 1858 1641 quod
1892 1565 1968 1616 tuna
1992 1549 2092 1620 Elea-

1330 1668 1409 1736 zar,
1436 1639 1484 1722 &¹
1509 1647 1608 1740 lngo,
1635 1647 1800 1728 Conrado,
1827 1642 1876 1726 &¹
1900 1645 2034 1744 quidam
2056 1675 2092 1721 a·
2214 1706 2215 1740 s

1329 1743 1371 1816 lii
1395 1739 1491 1837 esent
1515 1745 1685 1838 Consules.
1976 1801 1981 1812 .
2012 1825 2017 1832 ,
2214 1773 2215 1782 ’

1380 1846 1566 1942 Brugnolns
1604 1847 1762 1935 teslatur,
1798 1851 1884 1947 quod
1919 1847 2093 1942 interfuit,

1328 1943 1387 2020 ubi
1413 1947 1497 2018 idem
1531 1948 1688 2022 Dominus
1722 1955 1884 2024 Gerendus
1918 1952 2094 2048 conqueslus

1327 2047 1372 2135 esl
1395 2051 1436 2120 de
1460 2049 1666 2121 Molovieino
1692 2049 1907 2142 Consulibus:
1933 2055 1979 2122 θ’
2004 2054 2094 2125 vidit

1329 2149 1606 2222 Malumuieinum
1627 2151 1739 2224 venire
1761 2171 1837 2224 ante
1859 2152 2032 2249 Consules,
2053 2155 2096 2224 0·

1329 2250 1482 2334 aaran,
1508 2251 1861 2350 qua-mrasaraaa
1885 2254 1996 2326 asara·
2020 2257 2096 2330 ruo-

453 2354 536 2452 quod
561 2351 764 2424 intraverunt
788 2359 910 2425 Sortem
932 2381 954 2426 a
976 2359 1098 2426 sanata
1123 2356 1218 2450 usque
1256 2331 1288 2402 C
1329 2349 1566 2470 lo·placiture
1600 2379 1680 2429 cum
1720 2352 1880 2429 Domino
1898 2445 1900 2450 Ι
1915 2355 2095 2436 Gerardoi

451 2458 496 2530 ael
522 2453 744 2526 Flumicellnm
767 2475 824 2550 per
858 2461 1014 2536 Teutono,
1041 2457 1097 2550 qui
1130 2459 1216 2528 elice-

451 2559 547 2630 batur
563 2552 764 2628 Gostoldum
788 2555 998 2630 comitissae
1017 2552 1057 2628 δι
1079 2556 1213 2658 Ducis3

449 2656 499 2736 &⁹
516 2657 590 2752 sam
612 2677 757 2728 tenuerat
776 2677 834 2752 per
853 2681 986 2754 quatuor
1004 2685 1129 2751 annos,
1152 2689 1214 2734 on-

449 2779 576 2858 tequam
611 2757 852 2850 Malusvieinus
887 2759 1111 2830 intromitteret
1135 2768 1212 2831 Sor-

448 2883 510 2933 tem
527 2859 641 2954 suom.
668 2865 746 2952 ‚Qua
767 2859 888 2930 ratione
911 2861 1065 2938 intraret,
1090 2859 1209 2949 noscit.-

442 2963 501 3056 sed
526 2961 692 3033 communis
710 2958 801 3047 sama
825 2956 869 3044 esl
895 2959 929 3028 in
953 2963 1054 3028 Terra
1078 2960 1209 3048 Gavos-

439 3066 496 3156 se,
523 3060 616 3159 quod
644 3077 717 3132 erat
744 3057 878 3146 Curia,
903 3057 1055 3128 uidelicet
1081 3057 1209 3132 Comi-

350 3233 355 3242 .
446 3163 543 3238 tilsae
569 3163 606 3234 δι’
633 3157 766 3232 DuciS.
797 3163 835 3230 lu
862 3161 970 3230 ceteris
997 3157 1210 3256 interrogatus

442 3267 698 3338 concordatium
723 3259 876 3355 Filr'ppo.

495 3365 706 3439 Burabodara
730 3359 882 3448 testatur,
902 3361 985 3455 quael
1003 3387 1041 3433 eu
1058 3385 1119 3458 quo
1136 3367 1208 3436 Ge-

443 3467 563 3544 rarduc
574 3469 773 3563 Rongcrnus
792 3460 971 3560 adquistvit
988 3465 1121 3536 Curiam
1139 3471 1208 3537 Ga-

441 3567 550 3664 vasse,
577 3569 660 3665 quob
684 3566 765 3637 dicit
790 3561 847 3658 esse
881 3563 987 3635 miuus
1014 3571 1120 3638 XXX.
1145 3594 1207 3639 an-

443 3699 551 3744 norum
563 3719 574 3751 ,
595 3695 628 3740 eo
651 3694 757 3748 anno,
781 3691 840 3764 quo
863 3665 1056 3762 adquiescit,
1080 3669 1136 3738 vel
1156 3669 1208 3759 se-

442 3775 563 3854 cundo,
577 3768 697 3864 sofivit
721 3789 817 3864 prata
838 3765 936 3860 suasa
959 3758 1206 3850 Flumicellum,

444 3871 568 3970 &que
583 3871 647 3962 scir
659 3867 840 3956 'ostendere,
862 3891 898 3940 ut
912 3887 1028 3964 purat,
1049 3895 1106 3964 que
1125 3875 1207 3942 Ma-

442 3971 618 4068 lusvicr'aur
653 3973 805 4050 tenebas,
842 3969 889 4050 &⁹
923 3968 1055 4057 abslulr't
1089 3997 1127 4042 en
1162 3971 1208 4042 eis

441 4101 563 4150 carrum
595 4071 665 4163 soni
695 4094 753 4170 pro
790 4071 925 4144 Domino
961 4073 1122 4168 Gerardo,
1159 4070 1207 4153 &

443 4175 684 4268 Malusvirinus
703 4173 808 4270 poslea
829 4173 918 4244 dedit
939 4175 1105 4266 guadiam,
1113 4173 1206 4260 slan-

441 4277 477 4348 aa·
502 4279 546 4349 ab
571 4296 745 4371 prereptum
780 4275 914 4348 Domini
940 4280 981 4347 G.
1008 4271 1056 4354 &⁹
1085 4275 1205 4359 medis,

441 4379 523 4475 qual
547 4379 706 4450 Alberrus
741 4382 850 4472 Burge
884 4378 1027 4450 redderet
1055 4377 1212 4449 Molossi.

441 4479 508 4552 rino
528 4477 657 4569 senum.
694 4481 742 4546 Et
767 4503 800 4546 eo
835 4505 919 4548 anno
954 4478 1123 4568 intersuit,
1149 4478 1207 4552 ubi

441 4583 600 4654 Geranios
626 4583 805 4672 Raugouur
839 4576 1014 4670 conquestus
1050 4578 1093 4666 osb
1118 4585 1202 4650 Con-

436 4681 563 4774 sulibus
585 4669 724 4776 Reginis
742 4678 937 4765 Hismario,
957 4697 993 4746 ut
1015 4680 1134 4768 eredit,
1155 4677 1202 4758 ἄν

440 4784 518 4856 aliis
537 4782 608 4877 suis
627 4779 741 4873 sociis,
767 4777 943 4875 dequibus
973 4805 1032 4848 soon
1059 4782 1199 4851 reeorda-

440 4903 513 4967 rur,
532 4887 572 4958 ele
595 4879 798 4956 Malovirr'no
822 4885 862 4952 de
883 4879 954 4974 sam
978 4878 1065 4952 biblo
1086 4901 1199 4978 moro.

440 4982 487 5064 &⁹
510 4984 555 5056 eis
572 4983 773 5076 securitatem
796 4981 907 5056 dedit.
934 4987 983 5054 Et
1005 4983 1096 5056 vidit
1119 4987 1201 5054 Ma·

443 5085 650 5160 lunuieinuon
685 5089 762 5158 dare
790 5083 990 5176 securitatem
1014 5084 1202 5178 Consulibus

1328 2477 1414 2553 quoa
1440 2454 1662 2530 concordabo
1689 2481 1746 2530 me
1773 2482 1853 2530 cum
1881 2483 1945 2532 eo.
1980 2458 2098 2532 Auali-

1327 2555 1383 2626 vit
1415 2584 1438 2627 a
1456 2555 1558 2648 socero
1586 2557 1646 2647 suo
1672 2563 1767 2630 Petro
1800 2559 1926 2641 Calvo,
1955 2562 2044 2656 qaod
2078 2587 2098 2630 a

1328 2656 1468 2752 Signata
1491 2658 1626 2728 euterius
1648 2678 1718 2729 erar
1731 2651 1866 2744 'Caria,·
1890 2657 1939 2738 &⁹
1958 2681 2019 2756 pro
2040 2685 2099 2732 ne-

1326 2782 1427 2843 more,
1451 2758 1536 2848 quod
1559 2755 1696 2824 honines
1720 2754 1880 2848 Gavasse,
1902 2759 1961 2852 qui
1984 2761 2036 2832 ibi
2063 2787 2101 2830 e-

1325 2874 1421 2933 rant,
1458 2855 1656 2933 urebantur,
1690 2853 1856 2944 sariebant
1894 2858 2101 2956 albergarias

1326 2953 1443 3026 Curie.
1714 2966 1717 2971 ’

1377 3053 1484 3126 Guido
1503 3053 1623 3126 Ubaleli
1645 3053 1795 3143 testatur,
1816 3061 1899 3154 quod
1922 3059 2097 3150 intersuit,

1327 3155 1382 3226 ubi
1401 3157 1556 3228 Dominus
1574 3159 1735 3230 Gerardus
1752 3159 1931 3254 conquestus
1949 3161 1992 3249 esl
2005 3170 2097 3235 Con·

1322 3255 1449 3346 salibus
1483 3259 1522 3336 de
1558 3257 1780 3338 Malanioino,
1807 3257 1854 3339 ὠ
1892 3261 1982 3333 vidit
2009 3269 2096 3338 Ma·
2216 3337 2217 3340 ,

1324 3357 1536 3430 lumvicinum
1571 3360 1682 3430 venire
1719 3379 1795 3432 ante
1828 3365 2004 3454 Consules,
2044 3365 2094 3445 &¹

1324 3460 1458 3532 audivit
1483 3461 1565 3554 quod
1587 3461 1831 3554 Malusvr'einus
1853 3465 1964 3534 discit:
1990 3469 2093 3542 Nolo

1325 3561 1488 3660 placituri
1514 3585 1593 3635 cum
1620 3563 1780 3637 Domino
1801 3564 1980 3648 Gerunda,
2005 3567 2094 3666 quia

1325 3661 1545 3735 concordabo
1575 3687 1631 3738 me
1658 3689 1737 3738 curn
1766 3690 1829 3738 eo.

1365 3769 1396 3855 J
1398 3765 1535 3835 obannes
1561 3769 1684 3836 Leonus
1709 3773 1861 3852 testatur,
1887 3770 1970 3864 quod
1997 3769 2091 3864 uidit

1322 3863 1402 3936 bans
1436 3885 1578 3946 terram,
1603 3869 1643 3938 de
1677 3892 1740 3962 qua
1774 3867 1889 3964 quoslio
1924 3869 1967 3958 esl
2004 3873 2092 3944 inter

1321 3967 1494 4038 Canoniros
1528 3961 1575 4044 &¹
1611 3971 1794 4051 Rataran,
1825 3993 1994 4067 antequam
2034 3997 2091 4070 per

1323 4069 1599 4140 Malumvieinum
1622 4070 1903 4152 intromitteretur,
1922 4074 2025 4146 reneri
2045 4077 2091 4146 (θ’

1321 4167 1458 4264 όορζσσί
1482 4187 1560 4242 eum·
1586 4169 1657 4244 alia
1679 4193 1736 4267 pro
1761 4173 1884 4244 Curia.
1922 4177 1970 4246 Et
1997 4177 2090 4248 vidit

1321 4271 1458 4342 homines
1484 4268 1622 4365 (lavasse
1642 4271 1745 4362 sasere
1771 4273 1965 4369 albergarias
1989 4279 2089 4350 Curie

1316 4393 1374 4469 pro
1400 4373 1460 4459 islo
1486 4372 1533 4452 &⁴
1568 4395 1624 4468 pro
1650 4364 1740 4456 alia}
1767 4397 1803 4446 ut
1838 4399 1905 4446 erat
1933 4377 1967 4447 r'n
2003 4405 2086 4450 com-

1321 4473 1410 4546 muni
1439 4474 1532 4564 sama
1567 4481 1662 4545 Terre
1671 4503 1692 4563 ,r
1717 4471 1765 4553 &⁹
1800 4478 1968 4548 eommunis
1990 4477 2087 4568 sama

1321 4595 1389 4647 erat
1415 4577 1449 4646 in
1477 4581 1598 4659 Terra,
1624 4579 1708 4672 quod
1732 4597 1800 4648 erat
1825 4579 1941 4652 Curie.
1971 4582 2085 4662 Dicit,

1320 4679 1402 4773 quod
1437 4679 1575 4748 nondum
1607 4679 1686 4770 sunt
1723 4685 1829 4751 XXX.
1864 4683 1969 4762 anni,
2004 4687 2089 4778 quob

1319 4785 1440 4848 Trutus
1474 4798 1613 4850 mortuus
1650 4778 1717 4868 esl,
1755 4782 1798 4854 ad
1838 4799 1959 4878 temptes
1993 4785 2085 4876 susus

1320 4878 1559 4972 Malusvicinus
1585 4905 1647 4951 non
1674 4880 1815 4955 intrauit
1825 4935 1958 4958 .......
1985 4909 2083 4958 resor-

1318 4981 1417 5054 davit
1436 4981 1473 5074 se
1493 4975 1598 5077 secisse
1618 4981 1764 5072 suetum.

1909 5191 2029 5262 ababa
