4570 6096
276 299 283 312 ’
440 347 529 464 ’147
739 347 1152 476 aurinum.
1211 329 1693 448 nuntiarat
1884 271 1973 468 ιιι

382 460 490 560 [ψ’
514 488 656 566 ‘imque
690 471 836 568 Regias,
872 469 942 548 stae
976 479 1147 572 tmpuaeo·
1183 477 1221 550 A
1258 476 1332 552 tiae
1358 473 1460 566 suae,
1486 473 1551 550 nisr
1578 501 1688 576 quum
1716 473 1771 549 vis
1791 471 1949 574 superior
1974 472 2027 548 ai·

379 561 448 655 rie,
475 567 567 642 olim
595 569 840 668 jurisdisiione
860 573 1058 674 praeditos,
1079 575 1146 651 boc

379 663 429 784 psi
464 668 676 747 austoritate
715 673 802 773 juris
838 674 985 752 dicundi
1020 675 1145 752 saltem

379 789 421 840 ιιι
447 767 617 847 ciuilibus
643 773 914 850 controuersiis:
953 778 1049 876 quod
1084 779 1145 854 ubi

381 863 610 965 statueretur,
646 874 909 975 agnosceremus
944 879 1054 954 etiam
1085 907 1143 954 an·

380 967 591 1069 tiquitatem
629 977 915 1070 Beneficiorum,
951 978 1021 1055 siue
1057 987 1144 1056 Feu·

379 1068 506 1190 dorum
548 1077 727 1154 nobilium
769 1107 849 1156 cum
897 1081 1144 1181 superioritate

378 1175 584 1268 territorii,
610 1204 650 1252 ac
676 1182 752 1282 jure
778 1181 816 1256 in
844 1181 1041 1261 incolarum
1069 1211 1142 1282 per·

379 1269 505 1350 sonas.
532 1281 580 1354 Et
607 1277 686 1356 sane
712 1285 935 1379 exploratum
970 1285 1038 1377 cst,
1066 1288 1143 1360 lon·

379 1399 424 1476 ge
460 1397 541 1454 ante
576 1381 701 1458 Caroli
735 1385 863 1486 Magni
900 1405 1059 1467 temoora
1089 1386 1143 1462 in·
1192 1391 1219 1462 B

378 1475 523 1554 uesinm
563 1480 663 1558 fuisse
691 1511 825 1560 morem
863 1487 1143 1581 Beneficiorum,
1199 1493 1201 1497 ’

378 1575 577 1696 dequibus
605 1583 695 1660 insra
722 1586 894 1687 agendum
921 1587 1011 1680 erit,
1039 1608 1145 1687 atque

378 1678 465 1754 tude
493 1681 619 1778 Vaffos,
648 1684 822 1782 Vaffietlor,
849 1691 972 1762 leudes
997 1691 1066 1766 &a
1099 1691 1143 1766 ii·

377 1777 474 1854 sdem
501 1781 656 1864 fruentes
682 1787 781 1863 suisse
801 1793 1016 1889 appellatos.
1044 1795 1143 1868 Num

379 1907 465 1982 ergo
502 1887 697 1964 Nobilibus
734 1889 907 1989 ejusmodi
942 1891 1032 1966 viris
1070 1893 1142 1992 jam

377 1999 458 2056 tum
485 1985 688 2065 tradebatur
725 1991 844 2090 aliqua
879 1989 1081 2090 purrsdrbiro
1106 1995 1142 2066 δι

376 2084 530 2184 potestas
555 2087 594 2164 in
632 2090 815 2182 homines,
852 2091 1044 2168 Castellum
1081 2112 1143 2170 aut

378 2187 518 2262 Villam
547 2189 805 2268 beneficiariam
831 2191 1093 2286 inhabitantes,
1113 2194 1141 2271 i·

1259 575 1363 652 tioris
1399 575 1613 670 ministerii,
1649 593 1710 650 aut
1744 573 1849 677 ipsius
1888 573 2026 671 Regis,

1259 705 1318 754 eos
1345 678 1383 753 in
1410 677 1592 754 tramitem
1621 677 1772 778 justitiae
1807 675 2052 751 revocabat.·

1259 785 1379 875 Quare
1405 779 1499 856 nihit
1525 779 1614 856 certi
1638 779 1720 854 inde
1740 777 1879 852 haurias
1897 777 1939 850 ad
1959 773 2024 848 tta·

1260 879 1455 959 biliendann
1499 879 1781 983 purrsdrsironem
1825 877 1865 954 in
1910 873 2024 952 Vassis

1260 983 1407 1058 illorum
1434 999 1657 1076 temporum.
1926 979 1929 986 ’

1311 1085 1445 1158 Verium
1465 1082 1525 1158 etsi
1547 1081 1719 1186 ejusmodi
1742 1077 2025 1184 praerogatiuam

1262 1183 1301 1260 in
1338 1183 1451 1260 Vaffis
1486 1183 1534 1260 iis
1569 1185 1743 1260 affirmare
1778 1207 1851 1256 non
1886 1180 2026 1269 audeo,

1289 1285 1483 1386 erspebium
1509 1303 1628 1360 tamen
1655 1284 1789 1376 habeo,
1808 1308 1881 1358 nore
1900 1279 2028 1356 defuis·

1263 1313 1296 1462 se
1330 1387 1433 1462 iiiam
1470 1387 1559 1463 viris
1594 1387 1669 1480 iis,
1704 1411 1793 1486 quos
1828 1381 2025 1481 antiquitas

1261 1491 1438 1588 appellare
1481 1483 1665 1564 consuevit
1704 1488 1781 1562 Lori
1815 1491 2024 1558 servatores.

1262 1589 1328 1665 sed
1355 1589 1534 1690 quodnam
1561 1589 1629 1664 boc
1649 1615 1775 1664 munus
1794 1581 1887 1662 suit?
1915 1582 2026 1684 Equi·

1261 1689 1341 1766 dem
1389 1691 1541 1766 minime
1579 1691 1791 1780 decernam,
1831 1686 2024 1764 suerint-oe

1261 1793 1347 1876 iili,
1383 1792 1609 1894 Magistratus
1645 1791 1840 1868 ecivium
1876 1811 2026 1862 numero

1260 1893 1414 1985 delebii,
1449 1911 1556 1992 atque
1593 1891 1789 1982 ordinarii,
1824 1915 1868 1964 an
1904 1887 2026 1988 potius

1262 1993 1399 2068 Vicarii
1425 1996 1586 2082 Comitis,
1622 2011 1683 2068 aut
1709 1991 1837 2078 Duris,·
1861 2008 1967 2088 atque
1993 1986 2024 2062 i·

1259 2111 1296 2168 ta
1323 2095 1520 2196 appellati,
1545 2093 1640 2193 quod
1667 2095 1786 2168 locum
1806 2091 1906 2165 iilius
1926 2107 2024 2164 tene·

1259 2213 1364 2288 rent,
1383 2195 1478 2294 quast
1502 2198 1601 2270 nulia
1623 2193 1731 2270 fuerit
1749 2193 1950 2268 differentia
1969 2189 2025 2264 in·

376 2299 417 2364 ta
443 2307 581 2366 utnon
607 2293 731 2370 liceret
757 2293 896 2387 solum,
923 2291 1142 2397 sedopo'rte·
1184 2297 1216 2368 C
1260 2313 1315 2372 ter
1332 2294 1449 2398 ipsos,
1467 2299 1502 2370 δι
1522 2303 1602 2370 Loro
1618 2295 1753 2393 postero,
1777 2317 1927 2393 quorum
1952 2315 2025 2363 non

375 2405 433 2462 ret
457 2389 506 2466 iis
530 2391 647 2470 dicere
672 2395 751 2498 jus,
782 2422 974 2495 eorumque
1001 2417 1140 2474 contro·

375 2485 503 2568 versiae
529 2494 740 2588 decernere,
761 2498 815 2573 uti
835 2497 1042 2574 Comitibus
1066 2527 1144 2575 enos

376 2609 453 2666 erat
478 2593 574 2670 inter
600 2597 709 2672 Urbis
735 2597 797 2672 sibi
818 2598 1025 2672 creditae&
1045 2601 1143 2699 agri,

378 2689 451 2766 srve
485 2693 663 2772 distridius
706 2714 768 2774 aut
803 2697 1009 2774 Comitatus
1044 2697 1142 2772 inco·

378 2789 457 2868 ias?
484 2797 549 2872 Sed
576 2824 699 2873 uerum
724 2825 825 2873 amo.
844 2797 939 2872 Heic
958 2797 1052 2872 nibil
1072 2825 1139 2874 cer·

378 2909 459 2970 tum
486 2896 678 2976 babemus.
704 2905 822 2972 Frrere
851 2899 1041 2992 justitiam,
1074 2897 1143 2976 sor·

377 2997 478 3070 mula
504 2997 551 3072 esi
576 3025 648 3074 non
676 3000 739 3075 uni
765 2996 1057 3100 interpretationi
1082 3001 1142 3075 ob·

376 3097 522 3174 noxia.
556 3101 652 3178 Heic
687 3119 806 3178 autem
841 3100 936 3176 nibil
971 3099 1069 3176 aliud
1104 3101 1142 3174 si·

1261 2406 1339 2474 τιτὸ
1364 2397 1520 2474 occurrit
1546 2394 1685 2474 mentio
1720 2395 1759 2470 in
1795 2393 2025 2492 antiquorum

1261 2499 1426 2576 Cbartis.
1453 2503 1557 2592 Quae
1583 2523 1692 2599 pauca
1718 2494 1757 2569 in
1784 2493 1874 2567 hanc
1893 2517 1967 2566 rem
1991 2489 2026 2565 se

1263 2597 1355 2674 mibi
1382 2598 1606 2687 obtulerint,
1634 2593 1806 2670 adseram.
1842 2597 1925 2668 Huc
1952 2590 2026 2689 spe·

1259 2697 1333 2772 uae
1359 2699 1484 2774 Caroli
1518 2697 1647 2800 Magni
1682 2701 1761 2774 Lex
1797 2691 2024 2794 Langobard.

1259 2798 1583 2876 Lxxxv111.his
1612 2797 1727 2873 verbis
1753 2815 1943 2894 concepta:
1983 2793 2028 2866 Sr'

1262 2901 1335 2998 quir
1355 2901 1460 2992 furem
1483 2903 1540 2972 ves
1564 2903 1718 2973 latronem
1742 2895 2028 2996 comprehenderit,

1263 3005 1307 3072 θ
1332 3029 1402 3074 eum
1429 3001 1606 3073 indemnem
1640 2999 1819 3094 dimiserit,
1855 3024 1951 3095 neque
1986 2996 2029 3068 is·

1259 3105 1326 3174 sum
1351 3107 1396 3178 red
1418 3101 1608 3199 presentiam
1633 3102 1762 3194 Ducis,
1786 3121 1845 3174 arte
1869 3097 2027 3191 Comitis,

377 3195 549 3299 gnificare
576 3202 739 3298 videtur,
765 3199 830 3280 nist
857 3200 942 3303 juste
969 3229 1070 3303 agere
1092 3229 1143 3278 er·
1186 3223 1220 3290 D
1259 3205 1316 3302 qui
1342 3205 1376 3276 in
1401 3204 1465 3274 saco
1485 3203 1628 3301 praeest,
1654 3204 1709 3276 vei
1726 3203 1804 3276 Laer'
1821 3199 2025 3291 seruatoris,

375 3325 422 3402 ga
448 3301 539 3378 aiios
564 3303 751 3400 homines,
777 3305 813 3380 it
840 3305 944 3380 illata
970 3305 1022 3379 eis
1047 3303 1143 3379 dam·

375 3427 423 3476 ιιι
449 3400 601 3498 sarcire,
630 3408 666 3480 δι
693 3405 819 3506 inique
845 3407 962 3483 ablata
987 3404 1141 3482 restitue·

373 3528 442 3589 re,
478 3505 533 3582 uti
570 3505 680 3582 etiarn
716 3506 755 3584 in
787 3507 969 3584 Dissertat.
1006 3513 1071 3582 tv.
1105 3507 1146 3578 de

377 3602 503 3701 officiis
535 3614 659 3684 Demus
683 3609 810 3704 Regiae
833 3609 938 3684 dixi:
976 3633 1050 3680 non
1085 3635 1144 3682 au·

375 3721 451 3780 tem
480 3709 534 3804 jus
559 3709 698 3799 dicere,
730 3707 800 3782 sive
827 3706 1025 3782 ministrare
1052 3706 1144 3806 jusii-

378 3805 469 3880 tiam
505 3808 545 3882 in
581 3807 752 3882 ciaiiibus
794 3825 858 3882 ant
898 3807 1147 3882 criminalibus

379 3903 529 3981 eauffis.
554 3907 731 4000 Juflieiam
754 3909 888 3998 habere,
908 3907 1071 4004 justitiam
1095 3937 1145 3982 ac·
1178 3979 1179 3984 ,

375 4007 504 4106 cipere,
540 4027 581 4083 ut
606 4007 652 4085 est
678 4009 717 4084 in
744 4011 822 4112 iege
849 4013 911 4084 xt.
938 4009 1085 4110 Pippini
1111 4013 1144 4085 1·

1219 3379 1225 3390 ,
1260 3305 1317 3402 qui
1341 3301 1461 3401 Miffus
1486 3305 1621 3377 Comitis
1646 3306 1714 3393 est,
1749 3303 1921 3382 adduxerit
1954 3302 2025 3376 &n

1261 3407 1375 3480 damni
1399 3405 1643 3494 aestimationem
1665 3426 1836 3500 componere
1853 3409 1898 3476 ad
1912 3402 2029 3474 Petti-

1259 3534 1328 3580 runr
1353 3526 1498 3602 cogatur.
1526 3509 1625 3578 Haec
1652 3503 1732 3576 sane
1753 3499 2027 3578 controuersiam

1262 3631 1406 3680 omnem
1434 3606 1562 3680 tollere
1597 3604 1791 3696 videntur,
1826 3627 1935 3702 quam
1971 3602 2028 3678 in·

1261 3708 1488 3810 telligamus,
1511 3711 1694 3780 servatores
1718 3705 1795 3778 Lori
1813 3704 1907 3780 nibil
1927 3701 2026 3780 aliud

1260 3809 1360 3884 inisse
1386 3805 1450 3882 nisi
1477 3805 1591 3899 Miffes
1616 3807 1772 3898 Caeritis,
1808 3832 1848 3880 ac
1885 3823 2027 3907 propte·

1260 3938 1318 3986 rea
1343 3909 1490 3986 nomine
1515 3908 1581 3982 ilio
1607 3909 1783 3998 donatos,
1819 3935 1892 3982 oon
1929 3905 2026 4006 qubd

1263 4011 1346 4108 (uti
1374 4035 1468 4086 nunc
1494 4009 1537 4085 sit
1562 4009 1724 4102 alicubi,
1758 4013 1794 4084 bt
1822 4007 2024 4110 praesertim

379 4107 490 4186 taliae
516 4110 650 4212 Regis,
677 4109 720 4188 de
746 4111 793 4188 iis
821 4109 974 4188 uiciffirn
1008 4109 1146 4188 diceba·
1188 4115 1218 4186 Ε
1261 4113 1460 4212 Mutinae)
1498 4110 1527 4186 ii
1567 4111 1808 4205 Conseruateres
1844 4111 1937 4186 vrbis
1974 4105 2027 4184 es-

377 4227 461 4301 tur,
497 4211 626 4312 quibus
660 4212 918 4292 emendandum
954 4231 1016 4290 aut
1051 4213 1146 4290 reiii.

238 4367 244 4380 .
378 4311 551 4389 tuendum
577 4333 653 4392 erat
682 4316 857 4416 quidquid
884 4313 1035 4418 justitiae
1054 4317 1149 4416 leges

430 4409 591 4492 scebant.
616 4419 712 4492 Tam
738 4418 902 4494 Comites
928 4443 1036 4518 quam
1062 4413 1149 4491 Vas·

379 4439 549 4592 boaiiena
575 4517 754 4595 interdum
781 4519 858 4621 jura
892 4539 955 4596 aut
991 4521 1083 4596 bona
1109 4545 1148 4594 u·

379 4615 598 4720 surpabant,
622 4647 730 4696 onera
757 4647 797 4696 ac
824 4619 960 4696 tributa
986 4617 1147 4696 indebita

382 4725 522 4824 Populo
547 4723 802 4824 imponebant,
828 4747 1024 4822 eommque
1046 4747 1148 4820 pecu·

379 4826 479 4904 niaro
524 4823 649 4902 multis
696 4824 957 4925 extorquebant
1000 4821 1144 4898 modis:

379 4953 562 5110 nuoqqqm
598 4931 693 5047 verb·
722 4925 983 5107 iffif‘bffluf
1027 4922 1086 5103 adt
1111 4949 1149 5000 e·

381 5059 464 5112 men
540 5055 647 5110 onem
680 5054 733 5133 unp
818 5055 875 5106 rae
900 5053 941 5104 ac
967 5051 1069 5131 ampo
1085 5051 1146 5104 cn·

1261 4215 1360 4292 sent:
1395 4212 1453 4290 sed
1513 4212 1582 4288 uod
1610 4229 1771 4288 tenerent
1798 4213 2028 4309 ferverentque

1261 4319 1361 4390 serene
1404 4239 1573 4390 eminis
1615 4313 1727 4390 Urbis
1768 4310 1809 4387 in
1850 4312 2028 4415 regimine

1266 4415 1422 4519 Populi;
1448 4415 1500 4490 ita
1527 4431 1567 4490 nt
1593 4413 1663 4490 five
1688 4417 1842 4505 Comes,
1861 4433 1922 4492 aut
1942 4419 2047 4493 nux*

1263 4519 1413 4608 abesset,
1439 4516 1511 4592 five
1534 4515 1675 4592 aduersa
1696 4515 1921 4612 valetudine,
1946 4515 2029 4592 alii·

1262 4621 1322 4697 sve
1356 4619 1498 4720 negotis
1531 4617 1723 4719 impeditos
1749 4617 1926 4718 'iustitiam
1959 4620 2029 4694 to·

1264 4723 1351 4817 puio
1378 4719 1573 4796 ministrare
1599 4746 1671 4794 non
1707 4719 1845 4820 posset,
1878 4737 1965 4796 tunc
1990 4741 2027 4793 e-

1263 4825 1318 4927 jus
1345 4821 1441 4898 uices
1461 4838 1604 4923 agerent
1629 4822 1707 4895 Lari
1730 4828 1932 4894 Servatam.
1952 4813 2026 4894 'Sed

1264 4923 1378 5024 quid,
1404 4923 1567 5023 inquies,
1602 4924 1646 4999 ab
1672 4919 1768 4998 bisce
1801 4919 2028 4994 servaremur

1263 5025 1472 5105 differebant
1499 5024 1622 5103 Viturii
1646 5022 1687 5104 iu
1712 5021 1837 5100 mustis
1866 5019 2028 5122 Legibus

1838 5147 1976 5212 mum!
