4592 6066
341 453 426 534 uo
552 351 1575 514 -ntssntrnrtonnouuctntn
1766 443 1854 530 430

284 589 311 629 „
337 543 466 630 cultis,
493 536 682 638 passagiis,
708 539 742 611 dt
771 536 852 612 aliis
878 535 1045 615 omnibus
1076 535 1112 604 A
1151 589 1178 627 „
1205 561 1283 610 mus
1318 561 1379 636 per
1414 559 1503 624 nos,
1536 527 1737 630 nostrosque
1772 533 1913 612 heredes

285 693 311 732 „
338 638 407 713 suis
435 639 683 736 pertinentiis,
718 638 915 739 juribus&
943 638 1043 716 utili·
1150 695 1176 734 „
1202 641 1237 712 dc
1258 635 1485 724 successores,
1504 629 1694 708 Ecclefiam
1714 637 1914 712 Romanam
2072 695 2074 700 -

284 793 310 831 „
336 742 492 832 tatibus,
522 741 630 816 'nobis
655 739 837 815 occasrone
860 739 951 816 diiii
976 745 1046 817 Ca·
1152 795 1177 834 „
1213 738 1418 814 conseruare
1455 734 1591 836 semper
1629 733 1832 810 indemnem
1872 737 1913 814 itt
2019 777 2023 785 ’

285 893 310 933 ,,
337 841 395 916 stri
431 841 711 942 pertinentibus:
748 843 793 916 ab
829 869 900 918 uno
935 846 1045 918 latere
1153 897 1179 936 „
1204 841 1371 920 omnibus
1396 837 1522 930 nostris
1546 833 1721 936 expensrs.
1748 841 1914 938 Proque

285 995 312 1034 „
338 943 385 1016 est
413 949 529 1019 Rocca
555 944 700 1046 Carlei;
737 944 781 1018 ab
816 945 890 1022 alio
927 949 1044 1020 Rocca
1153 1001 1178 1040 „
1205 941 1441 1032 venditione,
1465 937 1707 1028 refutatione,
1743 939 1916 1019 remilsro·

285 1097 310 1136 „
330 1043 380 1118 de
416 1045 535 1145 Phago
571 1071 650 1120 cnm
687 1045 914 1147 pertinentiis
948 1045 1045 1121 suis.
1153 1103 1180 1140 „
1205 1071 1273 1138 ne,
1298 1043 1443 1120 datione
1470 1043 1505 1116 δε
1531 1038 1680 1116 celstone
1704 1039 1916 1122 confitemur

288 1148 389 1239 „Et
422 1145 543 1220 damus
571 1145 673 1222 vobis
708 1147 893 1224 licentiam
920 1150 955 1222 ἀ
983 1175 1044 1248 po·
1153 1203 1180 1243 „
1205 1174 1271 1224 nos
1296 1143 1444 1222 nomine
1477 1141 1585 1244 pretii
1617 1141 1781 1240 recepisse
1805 1145 1829 1216 d
1852 1169 1920 1220 uo·

286 1247 495 1338 „testatem
522 1247 632 1323 vestra
668 1247 879 1330 anaoritate
915 1249 1044 1329 haben·
1155 1250 1263 1345 „sis
1284 1250 1444 1323 Domino
1462 1241 1656 1336 Alatrino,
1675 1241 1834 1319 solvente
1853 1273 1917 1346 pro

286 1401 312 1440 „
339 1347 398 1440 di,
425 1348 591 1441 tenendi,
627 1349 844 1454 poffidendi,
879 1350 1046 1445 fruendi,
1155 1405 1182 1446 „
1207 1349 1283 1452 ipsa
1308 1345 1460 1424 Ecclefia
1489 1351 1670 1438 Romam,
1701 1344 1918 1432 'sermillia

284 1499 312 1544 „
338 1451 373 1522 δε
405 1449 577 1550 quicquid
611 1453 716 1528 vobis
749 1452 795 1527 'de
829 1469 946 1528 cetero
981 1479 1046 1554 pro
1089 1443 1120 1514 Β
1156 1507 1182 1546 ,,
1208 1453 1400 1530 Librarum
1425 1447 1636 1526 Lucensrum
1660 1449 1859 1543 bonorum
1880 1451 1917 1527 dt

285 1607 311 1646 „
339 1555 499 1626 Romana
525 1551 677 1627 Ecclefia
706 1554 879 1654 placuerit
912 1553 1044 1630 facien·
1154 1609 1182 1649 „
1208 1553 1301 1655 apud
1326 1579 1391 1628 nos
1417 1550 1553 1652 integre
1587 1545 1734 1626 habere’:
1773 1577 1920 1649 compu-

287 1707 313 1746 „
339 1653 399 1744 di,
436 1671 618 1754 tamquam
644 1653 687 1730 de
713 1681 750 1728 re
772 1655 940 1758 propria,
976 1654 1045 1734 fine
1156 1711 1183 1752 ,‚
1208 1655 1295 1734 tatis
1320 1653 1360 1732 in
1387 1651 1464 1754 ipso
1491 1650 1606 1754 pretio
1640 1649 1776 1728 duobus
1804 1651 1923 1728 millia

285 1807 312 1848 „
338 1752 489 1856 alicujus
529 1759 587 1830 vel
629 1754 841 1855 aliquorum·
868 1757 1042 1834 contradi.
1157 1813 1183 1851 „
1210 1758 1274 1832 bus
1313 1754 1504 1834 Librarum
1548 1751 1789 1848 Lucenfium,
1832 1781 1919 1853 quas

284 1909 310 1948 „
336 1853 485 1930 stione.
524 1861 573 1932 Et
607 1856 758 1947 damus,
792 1857 974 1950 cedimus,
1010 1863 1045 1938 dt
1156 1913 1183 1950 „
1209 1857 1315 1936 nobis
1340 1855 1472 1948 soluit,
1496 1857 1534 1930 δι
1560 1853 1652 1932 solvi
1678 1853 1765 1928 fecit
1791 1855 1922 1932 Domi.

283 2009 311 2050 „
338 1956 544 2033 mandamus
578 1959 682 2033 uobis
718 1959 878 2035 Domino
908 1959 1045 2049 Alatri·
1157 1998 1184 2054 ‚t
1209 1984 1280 2034 nus
1302 1960 1419 2058 Papa.
1454 1955 1714 2038 Renuntiaotea
1740 1956 1923 2057 exceptio.

284 2109 311 2150 „
337 2083 385 2132 no
411 2057 598 2158 recipienti
633 2060 841 2136 nomine&
869 2061 949 2138 uice
974 2066 1045 2140 Ro·
1157 2058 1249 2155 „ni
1275 2057 1549 2136 connumerati
1584 2059 1620 2132 δι
1656 2056 1763 2136 soluti
1783 2058 1922 2158 pretii,

285 2211 312 2250 „
338 2185 462 2234 manae
481 2160 655 2236 Ecclesiae
672 2163 793 2237 omnia
813 2165 1045 2264 jura,omne·,
1156 2217 1184 2258 „
1210 2161 1381 2260 nuruique
1415 2161 1481 2239 alii
1507 2164 1645 2260 Legum
1681 2161 1716 2234 δι
1751 2163 1923 2238 Decreto·

286 2315 312 2353 „
339 2258 422 2360 sque
461 2261 618 2336 ustiones
659 2263 765 2337 utiles
802 2267 839 2343 δι
874 2265 1047 2359 direstas,
1158 2317 1184 2358 „
1209 2287 1287 2339 runt
1315 2263 1482 2354 auxilio,
1517 2259 1622 2338 nobis
1655 2259 1695 2338 in
1730 2261 1800 2336 hoe
1825 2261 1922 2338 fasso

285 2364 448 2454 „reales
473 2365 509 2438 ἃ
534 2362 753 2464 personales,
780 2367 908 2442 tacitas
932 2367 968 2440 n
987 2393 1047 2449 ex·
1084 2355 1117 2430 C
1158 2419 1184 2462 „
1211 2363 1439 2486 eolraereoti,
1475 2363 1716 2463 competenti,
1735 2363 1787 2480 ’.δι
1823 2389 1923 2440 corn·

287 2517 312 2656 3
339 2461 663 2640 iiiiiii’vildleienuit
680 2466 1048 2647 iiudsididbgliiovdd
1158 2461 1813 2666 :³didiiurpiitiitvileieeittieidiiirir
1841 2467 1923 2666 piiss

286 2716 312 2758 „
338 2662 545 2740 hominibus
570 2667 606 2740 δι
632 2665 881 2768 pertinentiis.
908 2669 1046 2744 Consti·
1158 2727 1184 2764 „
1211 2669 1315 2744 vobis
1342 2667 1502 2745 Domino
1528 2665 1699 2742 Alatrino
1730 2665 1922 2767 recipienti

286 2821 311 2859 „
339 2781 476 2841 tuentes
494 2783 565 2868 'per
599 2793 664 2842 vos
699 2767 811 2868 ipsam
849 2772 1046 2846 Romanam
1159 2825 1185 2863 „
1212 2795 1275 2869 pro
1303 2775 1463 2852 Romana
1499 2765 1652 2844 Ecclesra
1687 2768 1921 2846 donamus&

286 2867 529 2959 „Ecclesiam
561 2869 836 2962 procuratricem
864 2888 1047 2970 tamquam
1158 2869 1437 2966 „concedimus
1465 2892 1575 2968 pute,
1610 2868 1746 2961 libere,
1781 2871 1817 2944 ἃ
1844 2869 1925 2946 sim·

288 3013 314 3054 „
339 2963 378 3035 io
420 2987 495 3034 rem
534 2963 652 3034 sunm.¹
695 2967 787 3034 Item
825 2969 1050 3057 quictamus,
1158 3027 1184 3062 „
1211 2972 1354 3062 pliciter
1380 2971 1476 3051 inter
1494 2970 1619 3046 vivos.
1647 2973 1696 3045 Et
1715 2997 1835 3071 pacem
1859 2999 1924 3046 vo.

288 3113 314 3154 „
340 3058 555 3152 refutamus,
580 3058 821 3150 remittimus,
846 3059 882 3132 n
908 3058 1049 3160 pailutn
1160 3119 1185 3156 „
1213 3065 1267 3138 bis
1302 3069 1452 3140 facimus
1487 3073 1530 3144 de
1565 3099 1637 3146 non
1673 3073 1852 3172 petendo,
1887 3076 1925 3152 dc

141 3199 145 3215 .
287 3213 314 3258 η
340 3159 490 3236 facimus
516 3159 559 3234 de
585 3185 657 3234 non
683 3160 834 3260 petendo
854 3159 956 3234 vobis
976 3165 1047 3236 Do·
1159 3217 1185 3256 „
1212 3160 1411 3250 specialiter
1444 3167 1687 3240 renuntiamus
1714 3174 1773 3246 illi
1799 3175 1923 3276 Legi,

288 3262 442 3360 „mino
473 3260 644 3336 Alatrino
678 3260 868 3362 recipienti
903 3261 1050 3338 nomine
1088 3263 1121 3332 D
1160 3271 1297 3356 „Rem
1321 3261 1452 3360 majoris
1481 3265 1581 3360 pretii
1590 3317 1602 3356 ,
1636 3291 1727 3384 <puae
1760 3269 1924 3350 introdu-

286 3415 314 3458 „
339 3361 456 3438 dinae
482 3360 656 3438 Ecclesiae
675 3367 879 3454 Romanae,
904 3389 1067 3464 omnem,
1160 3420 1187 3459 „
1207 3363 1270 3444 ,tta
1295 3364 1342 3442 eli
1367 3389 1430 3464 pro
1465 3364 1563 3454 illis,
1598 3391 1662 3466 qut
1696 3366 1923 3469 decipiuntur

263 3483 266 3488 ·
288 3517 314 3557 ,,
341 3462 532 3566 injuriam,
550 3489 696 3541 omnent
715 3463 951 3557 uiolentiam,
971 3492 1047 3544 orn·
1161 3523 1186 3562 „
1214 3464 1518 3554 ultradi'midiant
1539 3465 1617 3568 justi
1639 3467 1767 3566 pretii,
1793 3475 1924 3550 certio·

257 3611 260 3620 -
285 3617 314 3658 „
339 3591 492 3666 nemque
518 3567 695 3642 aninam
723 3566 959 3668 injuriarum,
984 3595 1047 3644 no·
1072 3567 1079 3678 1
1128 3539 1187 3663 i„
1214 3567 1283 3644 rati
1308 3595 1362 3650 tes
1387 3565 1478 3669 ipsas
1504 3569 1583 3670 plus
1609 3566 1708 3646 dieto
1726 3571 1843 3674 pretio
1862 3577 1922 3652 be.

285 3717 311 3758 „
337 3667 393 3742 bis
417 3668 558 3742 illatam
595 3696 656 3766 per
682 3667 840 3744 Nuntios
873 3669 1063 3746 Ecclesiae
1161 3725 1187 3765 „
1213 3697 1257 3746 ne
1282 3673 1425 3750 valere·
1796 3672 1799 3680 ’

146 3821 154 3836 ..
287 3819 313 3858 ,,
340 3767 379 3840 in
405 3768 503 3840 nicto
528 3769 673 3862 Castro,
703 3773 762 3846 vel
788 3769 968 3848 occastone
993 3771 1045 3853 di·
1211 3773 1372 3870 „Quod
1412 3773 1570 3852 Castrum
1610 3773 1797 3854 Mirandae
1835 3805 1918 3858 cunt

287 3919 313 3962 „
338 3866 390 3986 ili
416 3869 527 3944 Casiri
548 3870 761 3990 'Mirandam
788 3875 880 3947 Item
899 3872 1046 3991 pmmit·
1161 3929 1186 3970 „
1212 3873 1377 3952 omnibus
1412 3873 1491 3960 suis¹
1518 3877 1768 3977 pertinentiis,
1804 3879 1922 3960 homi·

285 3986 449 4064 „tumus
476 3971 578 4046 uobrs
605 3973 764 4048 Domino
791 3975 962 4050 Alatrtno
991 3973 1047 4052 sti·
1160 4031 1185 4070 „
1212 3978 1341 4070 nibus,
1378 3977 1573 4076 juribus&
1599 3979 1843 4078 utilitatibus,
1878 3984 1921 4062 fi.

285 4121 312 4164 „
338 4071 478 4171 pulanti
520 4072 665 4150 nornine
702 4073 875 4152 Ecclesiae
917 4079 1047 4152 Roma·
1115 4144 1118 4150 .
1160 4135 1185 4173 „
1212 4097 1273 4154 cut
1298 4077 1454 4176 superius
1488 4079 1703 4173 declaratum
1730 4083 1802 4174 eli,
1839 4111 1920 4184 pro·

160 4196 166 4206 ·
286 4224 312 4268 „
338 4198 426 4266 nae,
453 4173 548 4274 quod
567 4175 671 4250 nulli.
683 4174 863 4266 dedimus,
889 4201 955 4254 nec
981 4177 1047 4256 ali·
1085 4183 1114 4252 Ε
1158 4177 1393 4272 „mittimus
1428 4205 1488 4278 per
1512 4205 1599 4274 nos,
1634 4181 1833 4282 nostrosque
1858 4183 1920 4262 lte.

219 4326 222 4332 .
285 4329 312 4370 „
336 4299 409 4374 quo
436 4276 543 4352 modo
569 4275 798 4356 concedimus
832 4275 948 4376 ipsum
976 4283 1045 4358 Ca·
1158 4333 1186 4375 „
1210 4279 1307 4369 redes
1332 4281 1368 4354 δι
1394 4278 1598 4358 successores
1629 4281 1690 4358 sub
1725 4284 1919 4387 obligatio·

285 4431 310 4472 „
337 4375 465 4467 strum,
491 4379 551 4454 vel
576 4379 722 4478 aliquod
749 4381 803 4480 jus
828 4379 963 4480 ipsius,
987 4385 1061 4458 uel·
1158 4431 1184 4477 „
1210 4407 1255 4458 ne
1274 4379 1661 4462 nostrorum‘bonarum
1682 4385 1918 4482 praesentium

285 4527 311 4572 „
338 4476 515 4554 actionem
540 4479 584 4556 de
609 4479 710 4558 didio
736 4481 857 4558 Castro
885 4487 945 4558 vel
971 4485 1046 4585 ejus
1158 4485 1244 4578 „.&
1282 4481 1509 4578 futurorum,
1546 4485 1649 4562 uobis
1679 4487 1839 4565 Domino
1865 4495 1920 4568 A.

130 4640 131 4644 ,
282 4631 311 4674 „
337 4578 565 4678 pertinentiis
590 4607 650 4683 per
685 4610 751 4659 nos
786 4587 844 4660 uel
879 4611 940 4686 per
968 4584 1045 4662 sub·
1156 4641 1182 4682 „
1209 4584 1343 4662 latrino
1376 4585 1559 4688 stipulanti
1594 4587 1673 4676 vice
1707 4592 1741 4664 δι
1772 4589 1925 4668 nomine.

284 4732 310 4774 „
336 4677 473 4756 millam
493 4681 796 4782 perforamen
816 4685 938 4790 aliquo
956 4704 1045 4767 tem·
1157 4710 1183 4783 „·
1210 4693 1390 4764 Romanae
1425 4687 1625 4781 Ecclesiae,
1660 4690 1824 4792 legitime
1858 4692 1919 4768 de·

161 4805 165 4812 ·
283 4833 320 4874 ,,κ
336 4807 421 4900 ρους
446 4781 620 4860 conoeffio
645 4785 776 4908 aliqua·
800 4788 1000 4889 apparuerit
1025 4791 1045 4866 i
1157 4843 1183 4884 „
1208 4788 1348 4904 sendere
1362 4841 1389 4910 ’.'
1411 4790 1626 4887 auilorizare
1661 4791 1916 4913 &disprigare

283 4935 309 4977 ”
334 4883 793 5066 tritanii-'tlt
820 4888 1046 5092 alirn
1157 4946 1183 4986 ”
1209 4891 1919 5072 tlnlt‘lltslsnttsll

226 5069 229 5074 ¹
283 5034 429 5178 ’glana
463 5087 584 5187 atiqut
616 5017 827 5186 aretine,
861 5081 1072 5200 promitti-l
1156 5043 1183 5187 i:
1204 5095 1245 5177 ,δι
1271 5019 1448 5194 expetistise
1472 5047 1602 5188 exinde
1633 5093 1673 5172 itt
1695 5020 1818 5170 ituria
1856 5099 1915 5174 ud

383 5193 473 5268 Taua.
497 5193 544 5267 ΙΙ.
1070 5292 1076 5301 ι
1255 5197 1332 5272 Ee
1572 5229 1576 5237 ·
1707 5249 1737 5292 „
1761 5211 1861 5276 euna
