<?xml version="1.0" encoding="UTF-8"?>
<!DOCTYPE html PUBLIC "-//W3C//DTD XHTML 1.0 Transitional//EN"
    "http://www.w3.org/TR/xhtml1/DTD/xhtml1-transitional.dtd">
<html xmlns="http://www.w3.org/1999/xhtml" xml:lang="en" lang="en">
 <head>
  <title>
</title>
<meta http-equiv="Content-Type" content="text/html;charset=utf-8" />
  <meta name='ocr-system' content='tesseract 3.04.00' />
  <meta name='ocr-capabilities' content='ocr_page ocr_carea ocr_par ocr_line ocrx_word'/>
</head>
<body>
  <div class='ocr_page' id='page_1' title='image "./antiquitatesita03muragoog_0385.png"; bbox 0 0 4536 6064; ppageno 0'>
   <div class='ocr_carea' id='block_1_1' title="bbox 425 419 2070 646">
    <p class='ocr_par' dir='ltr' id='par_1_1' title="bbox 425 419 2070 646">
     <span class='ocr_line' id='line_1_1' title="bbox 425 419 2070 646; baseline 0.009 -38"><span class='ocrx_word' id='word_1_1' title='bbox 425 449 569 618; x_wconf 58' lang='lat'><em>„⁷2⁷</em></span> <span class='ocrx_word' id='word_1_2' title='bbox 595 543 713 640; x_wconf 64' lang='lat' dir='ltr'><em>m,</em></span> <span class='ocrx_word' id='word_1_3' title='bbox 736 423 966 640; x_wconf 59' lang='lat' dir='ltr'><em>,rull</em></span> <span class='ocrx_word' id='word_1_4' title='bbox 976 423 1192 646; x_wconf 56' lang='lat' dir='ltr'><em>tter</em></span> <span class='ocrx_word' id='word_1_5' title='bbox 1233 419 1484 629; x_wconf 60' lang='lat' dir='ltr'><em>ltin</em></span> <span class='ocrx_word' id='word_1_6' title='bbox 1524 422 1720 645; x_wconf 61' lang='lat' dir='ltr'><em>„frigit</em></span> <span class='ocrx_word' id='word_1_7' title='bbox 1753 543 1914 640; x_wconf 71' lang='lat' dir='ltr'><em>„m</em></span> <span class='ocrx_word' id='word_1_8' title='bbox 1928 439 2070 646; x_wconf 55' lang='lat'><em>223„</em></span> 
     </span>
    </p>
   </div>
   <div class='ocr_carea' id='block_1_2' title="bbox 418 636 1194 1452">
    <p class='ocr_par' dir='ltr' id='par_1_2' title="bbox 418 636 1194 1452">
     <span class='ocr_line' id='line_1_2' title="bbox 418 636 1193 744; baseline 0.014 -35"><span class='ocrx_word' id='word_1_9' title='bbox 418 636 489 726; x_wconf 72' lang='lat' dir='ltr'><em>fibi</em></span> <span class='ocrx_word' id='word_1_10' title='bbox 524 641 630 716; x_wconf 85' lang='lat' dir='ltr'><em>illatis</em></span> <span class='ocrx_word' id='word_1_11' title='bbox 657 644 935 744; x_wconf 72' lang='lat' dir='ltr'><em>superstitionibus</em></span> <span class='ocrx_word' id='word_1_12' title='bbox 973 645 1021 728; x_wconf 64' lang='grc' dir='ltr'><em>ῥ’</em></span> <span class='ocrx_word' id='word_1_13' title='bbox 1064 643 1193 738; x_wconf 72' lang='lat' dir='ltr'><em>iniustis</em></span> 
     </span>
     <span class='ocr_line' id='line_1_3' title="bbox 425 743 1192 846; baseline 0.014 -34"><span class='ocrx_word' id='word_1_14' title='bbox 425 743 668 838; x_wconf 75' lang='lat' dir='ltr'><em>oppreffionibur</em></span> <span class='ocrx_word' id='word_1_15' title='bbox 692 775 714 819; x_wconf 91' lang='lat' dir='ltr'><em>a</em></span> <span class='ocrx_word' id='word_1_16' title='bbox 744 747 881 840; x_wconf 83' lang='lat' dir='ltr'><em>seculari</em></span> <span class='ocrx_word' id='word_1_17' title='bbox 914 749 959 820; x_wconf 71' lang='grc' dir='ltr'><em>θ’</em></span> <span class='ocrx_word' id='word_1_18' title='bbox 981 748 1112 846; x_wconf 89' lang='lat' dir='ltr'><em>publica</em></span> <span class='ocrx_word' id='word_1_19' title='bbox 1134 771 1192 846; x_wconf 91' lang='lat' dir='ltr'><em>po·</em></span> 
     </span>
     <span class='ocr_line' id='line_1_4' title="bbox 426 843 1193 946; baseline 0.014 -34"><span class='ocrx_word' id='word_1_20' title='bbox 426 843 556 930; x_wconf 79' lang='lat' dir='ltr'><em>collate,</em></span> <span class='ocrx_word' id='word_1_21' title='bbox 583 845 633 920; x_wconf 88' lang='lat' dir='ltr'><em>ito</em></span> <span class='ocrx_word' id='word_1_22' title='bbox 657 867 700 918; x_wconf 90' lang='lat' dir='ltr'><em>ut·</em></span> <span class='ocrx_word' id='word_1_23' title='bbox 718 871 887 946; x_wconf 85' lang='lat' dir='ltr'><em>contempto</em></span> <span class='ocrx_word' id='word_1_24' title='bbox 909 853 1018 922; x_wconf 90' lang='lat' dir='ltr'><em>timore</em></span> <span class='ocrx_word' id='word_1_25' title='bbox 1035 853 1121 934; x_wconf 90' lang='lat' dir='ltr'><em>Dei,</em></span> <span class='ocrx_word' id='word_1_26' title='bbox 1144 851 1193 932; x_wconf 62' lang='grc' dir='ltr'><em>ῥ’</em></span> 
     </span>
     <span class='ocr_line' id='line_1_5' title="bbox 428 942 1193 1048; baseline 0.005 -30"><span class='ocrx_word' id='word_1_27' title='bbox 428 942 560 1036; x_wconf 76' lang='lat' dir='ltr'><em>abjella</em></span> <span class='ocrx_word' id='word_1_28' title='bbox 583 973 605 1020; x_wconf 85' lang='lat' dir='ltr'><em>a</em></span> <span class='ocrx_word' id='word_1_29' title='bbox 631 949 914 1048; x_wconf 77' lang='lat' dir='ltr'><em>Praedecefforibus</em></span> <span class='ocrx_word' id='word_1_30' title='bbox 946 951 1059 1036; x_wconf 87' lang='lat' dir='ltr'><em>nollris</em></span> <span class='ocrx_word' id='word_1_31' title='bbox 1092 953 1193 1024; x_wconf 90' lang='lat' dir='ltr'><em>inter-</em></span> 
     </span>
     <span class='ocr_line' id='line_1_6' title="bbox 425 1043 1192 1147; baseline 0.012 -29"><span class='ocrx_word' id='word_1_32' title='bbox 425 1043 545 1129; x_wconf 78' lang='lat' dir='ltr'><em>dilla,</em></span> <span class='ocrx_word' id='word_1_33' title='bbox 578 1071 635 1146; x_wconf 92' lang='lat' dir='ltr'><em>per</em></span> <span class='ocrx_word' id='word_1_34' title='bbox 658 1053 768 1130; x_wconf 81' lang='lat' dir='ltr'><em>Plebes</em></span> <span class='ocrx_word' id='word_1_35' title='bbox 794 1051 843 1132; x_wconf 74' lang='lat'><em>&amp;¹</em></span> <span class='ocrx_word' id='word_1_36' title='bbox 869 1053 1025 1140; x_wconf 81' lang='lat' dir='ltr'><em>Ecclefios</em></span> <span class='ocrx_word' id='word_1_37' title='bbox 1044 1054 1101 1147; x_wconf 88' lang='lat' dir='ltr'><em>seu</em></span> <span class='ocrx_word' id='word_1_38' title='bbox 1126 1061 1192 1127; x_wconf 86' lang='lat' dir='ltr'><em>Ec-</em></span> 
     </span>
     <span class='ocr_line' id='line_1_7' title="bbox 428 1145 1192 1244; baseline 0.013 -26"><span class='ocrx_word' id='word_1_39' title='bbox 428 1145 596 1236; x_wconf 81' lang='lat' dir='ltr'><em>clellallica</em></span> <span class='ocrx_word' id='word_1_40' title='bbox 620 1153 753 1244; x_wconf 88' lang='lat' dir='ltr'><em>praedia</em></span> <span class='ocrx_word' id='word_1_41' title='bbox 778 1153 827 1234; x_wconf 58' lang='grc' dir='ltr'><em>ῤ’</em></span> <span class='ocrx_word' id='word_1_42' title='bbox 851 1158 958 1226; x_wconf 84' lang='lat' dir='ltr'><em>domos</em></span> <span class='ocrx_word' id='word_1_43' title='bbox 990 1157 1120 1229; x_wconf 86' lang='lat' dir='ltr'><em>Placita</em></span> <span class='ocrx_word' id='word_1_44' title='bbox 1145 1177 1192 1227; x_wconf 88' lang='lat' dir='ltr'><em>re·</em></span> 
     </span>
     <span class='ocr_line' id='line_1_8' title="bbox 427 1251 1193 1332; baseline 0.014 -12"><span class='ocrx_word' id='word_1_45' title='bbox 427 1272 551 1332; x_wconf 85' lang='lat' dir='ltr'><em>neunt,</em></span> <span class='ocrx_word' id='word_1_46' title='bbox 577 1251 812 1331; x_wconf 70' lang='lat' dir='ltr'><em>districtiones</em></span> <span class='ocrx_word' id='word_1_47' title='bbox 837 1255 877 1330; x_wconf 88' lang='lat' dir='ltr'><em>in</em></span> <span class='ocrx_word' id='word_1_48' title='bbox 905 1257 1035 1332; x_wconf 86' lang='lat' dir='ltr'><em>liberos</em></span> <span class='ocrx_word' id='word_1_49' title='bbox 1062 1259 1193 1331; x_wconf 72' lang='lat' dir='ltr'><em>Malla-</em></span> 
     </span>
     <span class='ocr_line' id='line_1_9' title="bbox 430 1349 1194 1452; baseline 0.008 -26"><span class='ocrx_word' id='word_1_50' title='bbox 430 1349 527 1442; x_wconf 86' lang='lat' dir='ltr'><em>rios,</em></span> <span class='ocrx_word' id='word_1_51' title='bbox 562 1351 661 1452; x_wconf 88' lang='lat' dir='ltr'><em>super</em></span> <span class='ocrx_word' id='word_1_52' title='bbox 687 1357 939 1432; x_wconf 82' lang='lat' dir='ltr'><em>Eccbcfiosticos</em></span> <span class='ocrx_word' id='word_1_53' title='bbox 966 1385 1019 1432; x_wconf 86' lang='lat' dir='ltr'><em>res</em></span> <span class='ocrx_word' id='word_1_54' title='bbox 1045 1357 1194 1434; x_wconf 85' lang='lat' dir='ltr'><em>refiden-</em></span> 
     </span>
    </p>
   </div>
   <div class='ocr_carea' id='block_1_3' title="bbox 1305 647 2069 1460">
    <p class='ocr_par' dir='ltr' id='par_1_3' title="bbox 1305 647 2069 1460">
     <span class='ocr_line' id='line_1_10' title="bbox 1305 647 2068 744; baseline 0.009 -26"><span class='ocrx_word' id='word_1_55' title='bbox 1305 648 1494 719; x_wconf 67' lang='lat' dir='ltr'><em>contentioni</em></span> <span class='ocrx_word' id='word_1_56' title='bbox 1510 647 1615 741; x_wconf 79' lang='lat' dir='ltr'><em>finem</em></span> <span class='ocrx_word' id='word_1_57' title='bbox 1653 649 1815 744; x_wconf 88' lang='lat' dir='ltr'><em>imponat.</em></span> <span class='ocrx_word' id='word_1_58' title='bbox 1858 653 1947 724; x_wconf 83' lang='lat' dir='ltr'><em>Haec</em></span> <span class='ocrx_word' id='word_1_59' title='bbox 1976 655 2068 725; x_wconf 86' lang='lat' dir='ltr'><em>ctiam</em></span> 
     </span>
     <span class='ocr_line' id='line_1_11' title="bbox 1305 747 2067 846; baseline 0.008 -24"><span class='ocrx_word' id='word_1_60' title='bbox 1305 750 1344 822; x_wconf 84' lang='lat' dir='ltr'><em>in</em></span> <span class='ocrx_word' id='word_1_61' title='bbox 1362 750 1528 824; x_wconf 81' lang='lat' dir='ltr'><em>omnibus</em></span> <span class='ocrx_word' id='word_1_62' title='bbox 1547 751 1691 826; x_wconf 81' lang='lat' dir='ltr'><em>Liberis</em></span> <span class='ocrx_word' id='word_1_63' title='bbox 1705 753 1741 826; x_wconf 76' lang='grc' dir='ltr'><em>δι</em></span> <span class='ocrx_word' id='word_1_64' title='bbox 1761 747 1955 828; x_wconf 76' lang='lat' dir='ltr'><em>crimonois</em></span> <span class='ocrx_word' id='word_1_65' title='bbox 1974 777 2067 846; x_wconf 80' lang='lat' dir='ltr'><em>pruc-</em></span> 
     </span>
     <span class='ocr_line' id='line_1_12' title="bbox 1305 847 2066 946; baseline 0.004 -20"><span class='ocrx_word' id='word_1_66' title='bbox 1305 847 1397 926; x_wconf 82' lang='lat' dir='ltr'><em>latse</em></span> <span class='ocrx_word' id='word_1_67' title='bbox 1416 850 1554 928; x_wconf 66' lang='lat' dir='ltr'><em>sarbiae</em></span> <span class='ocrx_word' id='word_1_68' title='bbox 1573 853 1745 927; x_wconf 80' lang='lat' dir='ltr'><em>Aretinoe</em></span> <span class='ocrx_word' id='word_1_69' title='bbox 1763 851 1938 928; x_wconf 82' lang='lat' dir='ltr'><em>Ecclefioe</em></span> <span class='ocrx_word' id='word_1_70' title='bbox 1960 852 2066 946; x_wconf 79' lang='lat' dir='ltr'><em>filiis,</em></span> 
     </span>
     <span class='ocr_line' id='line_1_13' title="bbox 1305 952 2065 1054; baseline 0.008 -29"><span class='ocrx_word' id='word_1_71' title='bbox 1305 955 1340 1025; x_wconf 77' lang='grc' dir='ltr'><em>δι</em></span> <span class='ocrx_word' id='word_1_72' title='bbox 1367 952 1405 1026; x_wconf 87' lang='lat' dir='ltr'><em>in</em></span> <span class='ocrx_word' id='word_1_73' title='bbox 1432 953 1586 1054; x_wconf 82' lang='lat' dir='ltr'><em>ejusdcm</em></span> <span class='ocrx_word' id='word_1_74' title='bbox 1607 953 1743 1030; x_wconf 87' lang='lat' dir='ltr'><em>Dieccfi</em></span> <span class='ocrx_word' id='word_1_75' title='bbox 1762 955 2065 1031; x_wconf 80' lang='lat' dir='ltr'><em>commonentibus</em></span> 
     </span>
     <span class='ocr_line' id='line_1_14' title="bbox 1306 1053 2065 1150; baseline 0.003 -22"><span class='ocrx_word' id='word_1_76' title='bbox 1306 1055 1483 1130; x_wconf 79' lang='lat' dir='ltr'><em>Mufforiis</em></span> <span class='ocrx_word' id='word_1_77' title='bbox 1519 1053 1558 1131; x_wconf 75' lang='grc' dir='ltr'><em>δι</em></span> <span class='ocrx_word' id='word_1_78' title='bbox 1594 1056 1749 1132; x_wconf 85' lang='lat' dir='ltr'><em>Colonis</em></span> <span class='ocrx_word' id='word_1_79' title='bbox 1782 1058 1943 1150; x_wconf 82' lang='lat' dir='ltr'><em>observati</em></span> <span class='ocrx_word' id='word_1_80' title='bbox 1966 1059 2065 1130; x_wconf 86' lang='lat' dir='ltr'><em>omri-</em></span> 
     </span>
     <span class='ocr_line' id='line_1_15' title="bbox 1306 1156 2069 1251; baseline 0.009 -25"><span class='ocrx_word' id='word_1_81' title='bbox 1306 1157 1407 1228; x_wconf 87' lang='lat' dir='ltr'><em>modis</em></span> <span class='ocrx_word' id='word_1_82' title='bbox 1426 1156 1597 1251; x_wconf 76' lang='lat' dir='ltr'><em>jubemus,</em></span> <span class='ocrx_word' id='word_1_83' title='bbox 1632 1159 1783 1232; x_wconf 81' lang='lat' dir='ltr'><em>videlicet</em></span> <span class='ocrx_word' id='word_1_84' title='bbox 1816 1179 1854 1229; x_wconf 92' lang='lat' dir='ltr'><em>ut</em></span> <span class='ocrx_word' id='word_1_85' title='bbox 1878 1157 1921 1230; x_wconf 89' lang='lat' dir='ltr'><em>ab</em></span> <span class='ocrx_word' id='word_1_86' title='bbox 1946 1161 1993 1230; x_wconf 88' lang='lat' dir='ltr'><em>eis</em></span> <span class='ocrx_word' id='word_1_87' title='bbox 2018 1189 2069 1233; x_wconf 89' lang='lat' dir='ltr'><em>noc</em></span> 
     </span>
     <span class='ocr_line' id='line_1_16' title="bbox 1305 1259 2067 1358; baseline 0.008 -30"><span class='ocrx_word' id='word_1_88' title='bbox 1305 1259 1440 1331; x_wconf 86' lang='lat' dir='ltr'><em>donaria</em></span> <span class='ocrx_word' id='word_1_89' title='bbox 1478 1281 1538 1342; x_wconf 79' lang='lat' dir='ltr'><em>aut,</em></span> <span class='ocrx_word' id='word_1_90' title='bbox 1570 1261 1773 1334; x_wconf 70' lang='lat' dir='ltr'><em>redibitiones</em></span> <span class='ocrx_word' id='word_1_91' title='bbox 1797 1285 1897 1358; x_wconf 86' lang='lat' dir='ltr'><em>neque</em></span> <span class='ocrx_word' id='word_1_92' title='bbox 1917 1261 2067 1358; x_wconf 85' lang='lat' dir='ltr'><em>pignera·</em></span> 
     </span>
     <span class='ocr_line' id='line_1_17' title="bbox 1306 1357 2067 1460; baseline 0.007 -32"><span class='ocrx_word' id='word_1_93' title='bbox 1306 1360 1408 1431; x_wconf 90' lang='lat' dir='ltr'><em>tiones</em></span> <span class='ocrx_word' id='word_1_94' title='bbox 1431 1363 1487 1432; x_wconf 84' lang='lat' dir='ltr'><em>vel</em></span> <span class='ocrx_word' id='word_1_95' title='bbox 1522 1359 1657 1452; x_wconf 77' lang='lat' dir='ltr'><em>injustae</em></span> <span class='ocrx_word' id='word_1_96' title='bbox 1691 1357 1905 1450; x_wconf 77' lang='lat' dir='ltr'><em>distrilliones</em></span> <span class='ocrx_word' id='word_1_97' title='bbox 1938 1363 2067 1460; x_wconf 76' lang='lat' dir='ltr'><em>erigan-</em></span> 
     </span>
    </p>
   </div>
   <div class='ocr_carea' id='block_1_4' title="bbox 429 1455 2067 1560">
    <p class='ocr_par' dir='ltr' id='par_1_4' title="bbox 429 1455 2067 1560">
     <span class='ocr_line' id='line_1_18' title="bbox 429 1455 2067 1560; baseline -0.001 -30"><span class='ocrx_word' id='word_1_98' title='bbox 429 1471 511 1542; x_wconf 77' lang='lat' dir='ltr'><em>tcs,</em></span> <span class='ocrx_word' id='word_1_99' title='bbox 537 1455 572 1528; x_wconf 82' lang='grc' dir='ltr'><em>δι</em></span> <span class='ocrx_word' id='word_1_100' title='bbox 598 1461 747 1540; x_wconf 81' lang='lat' dir='ltr'><em>Servos,</em></span> <span class='ocrx_word' id='word_1_101' title='bbox 773 1463 808 1534; x_wconf 86' lang='grc' dir='ltr'><em>δι</em></span> <span class='ocrx_word' id='word_1_102' title='bbox 837 1459 1013 1534; x_wconf 86' lang='lat' dir='ltr'><em>Aldiones</em></span> <span class='ocrx_word' id='word_1_103' title='bbox 1038 1459 1193 1552; x_wconf 84' lang='lat' dir='ltr'><em>faciant,</em></span> <span class='ocrx_word' id='word_1_104' title='bbox 1241 1463 1269 1536; x_wconf 87' lang='lat' dir='ltr'>B</span> <span class='ocrx_word' id='word_1_105' title='bbox 1307 1481 1381 1542; x_wconf 90' lang='lat' dir='ltr'><em>tur,</em></span> <span class='ocrx_word' id='word_1_106' title='bbox 1415 1461 1475 1554; x_wconf 76' lang='lat' dir='ltr'><em>[ed</em></span> <span class='ocrx_word' id='word_1_107' title='bbox 1499 1464 1728 1560; x_wconf 73' lang='lat' dir='ltr'><em>unusquisque,</em></span> <span class='ocrx_word' id='word_1_108' title='bbox 1768 1489 1837 1535; x_wconf 89' lang='lat' dir='ltr'><em>cunr</em></span> <span class='ocrx_word' id='word_1_109' title='bbox 1862 1465 1977 1560; x_wconf 83' lang='lat' dir='ltr'><em>legalis</em></span> <span class='ocrx_word' id='word_1_110' title='bbox 2001 1492 2067 1538; x_wconf 82' lang='lat' dir='ltr'><em>ceu.</em></span> 
     </span>
    </p>
   </div>
   <div class='ocr_carea' id='block_1_5' title="bbox 430 1556 1196 2064">
    <p class='ocr_par' dir='ltr' id='par_1_5' title="bbox 430 1556 1196 2064">
     <span class='ocr_line' id='line_1_19' title="bbox 430 1556 1194 1660; baseline 0.005 -30"><span class='ocrx_word' id='word_1_111' title='bbox 430 1556 554 1630; x_wconf 90' lang='lat' dir='ltr'><em>tributa</em></span> <span class='ocrx_word' id='word_1_112' title='bbox 577 1559 690 1632; x_wconf 90' lang='lat' dir='ltr'><em>abeis</em></span> <span class='ocrx_word' id='word_1_113' title='bbox 714 1561 869 1660; x_wconf 75' lang='lat' dir='ltr'><em>exigant,</em></span> <span class='ocrx_word' id='word_1_114' title='bbox 896 1563 1000 1653; x_wconf 73' lang='lat' dir='ltr'><em>census</em></span> <span class='ocrx_word' id='word_1_115' title='bbox 1012 1611 1023 1644; x_wconf 92' lang='lat'><em>,</em></span> <span class='ocrx_word' id='word_1_116' title='bbox 1063 1561 1111 1642; x_wconf 76' lang='lat'><em>&amp;¹</em></span> <span class='ocrx_word' id='word_1_117' title='bbox 1135 1567 1194 1634; x_wconf 90' lang='lat' dir='ltr'><em>do-</em></span> 
     </span>
     <span class='ocr_line' id='line_1_20' title="bbox 431 1659 1195 1761; baseline 0.003 -29"><span class='ocrx_word' id='word_1_118' title='bbox 431 1659 547 1740; x_wconf 87' lang='lat' dir='ltr'><em>naria,</em></span> <span class='ocrx_word' id='word_1_119' title='bbox 583 1661 736 1758; x_wconf 86' lang='lat' dir='ltr'><em>angarios</em></span> <span class='ocrx_word' id='word_1_120' title='bbox 769 1665 867 1736; x_wconf 86' lang='lat' dir='ltr'><em>etiam</em></span> <span class='ocrx_word' id='word_1_121' title='bbox 902 1661 949 1744; x_wconf 72' lang='lat'><em>&amp;⁴</em></span> <span class='ocrx_word' id='word_1_122' title='bbox 974 1687 1107 1761; x_wconf 90' lang='lat' dir='ltr'><em>operas,</em></span> <span class='ocrx_word' id='word_1_123' title='bbox 1147 1663 1195 1744; x_wconf 57' lang='grc' dir='ltr'><em>ὼ</em></span> 
     </span>
     <span class='ocr_line' id='line_1_21' title="bbox 431 1761 1195 1854; baseline 0.004 -18"><span class='ocrx_word' id='word_1_124' title='bbox 431 1787 493 1836; x_wconf 89' lang='lat' dir='ltr'><em>nm</em></span> <span class='ocrx_word' id='word_1_125' title='bbox 513 1761 619 1854; x_wconf 70' lang='lat' dir='ltr'><em>solum</em></span> <span class='ocrx_word' id='word_1_126' title='bbox 643 1761 772 1848; x_wconf 88' lang='lat' dir='ltr'><em>abeis,</em></span> <span class='ocrx_word' id='word_1_127' title='bbox 800 1765 856 1840; x_wconf 86' lang='lat' dir='ltr'><em>sed</em></span> <span class='ocrx_word' id='word_1_128' title='bbox 877 1765 920 1838; x_wconf 86' lang='lat' dir='ltr'><em>sb</em></span> <span class='ocrx_word' id='word_1_129' title='bbox 943 1763 1108 1840; x_wconf 87' lang='lat' dir='ltr'><em>omnibus</em></span> <span class='ocrx_word' id='word_1_130' title='bbox 1129 1767 1195 1842; x_wconf 87' lang='lat' dir='ltr'><em>Li-</em></span> 
     </span>
     <span class='ocr_line' id='line_1_22' title="bbox 432 1861 1195 1958; baseline 0.004 -20"><span class='ocrx_word' id='word_1_131' title='bbox 432 1861 524 1939; x_wconf 77' lang='lat' dir='ltr'><em>beris</em></span> <span class='ocrx_word' id='word_1_132' title='bbox 559 1861 753 1940; x_wconf 84' lang='lat' dir='ltr'><em>ceimsnnis</em></span> <span class='ocrx_word' id='word_1_133' title='bbox 789 1869 823 1941; x_wconf 73' lang='lat' dir='ltr'><em>oe</em></span> <span class='ocrx_word' id='word_1_134' title='bbox 871 1865 1043 1941; x_wconf 83' lang='lat' dir='ltr'><em>Ecclefiae</em></span> <span class='ocrx_word' id='word_1_135' title='bbox 1080 1864 1195 1958; x_wconf 84' lang='lat' dir='ltr'><em>filiis,</em></span> 
     </span>
     <span class='ocr_line' id='line_1_23' title="bbox 432 1967 1196 2064; baseline 0.003 -26"><span class='ocrx_word' id='word_1_136' title='bbox 432 1968 515 2062; x_wconf 86' lang='lat' dir='ltr'><em>quod</em></span> <span class='ocrx_word' id='word_1_137' title='bbox 549 1971 618 2040; x_wconf 93' lang='lat' dir='ltr'><em>Deo</em></span> <span class='ocrx_word' id='word_1_138' title='bbox 655 1967 773 2040; x_wconf 88' lang='lat' dir='ltr'><em>odibile</em></span> <span class='ocrx_word' id='word_1_139' title='bbox 812 1970 973 2064; x_wconf 73' lang='lat' dir='ltr'><em>certrffime</em></span> <span class='ocrx_word' id='word_1_140' title='bbox 1018 1969 1196 2040; x_wconf 79' lang='lat' dir='ltr'><em>credimus:</em></span> 
     </span>
    </p>
   </div>
   <div class='ocr_carea' id='block_1_6' title="bbox 1302 1562 2070 2069">
    <p class='ocr_par' dir='ltr' id='par_1_6' title="bbox 1302 1562 2070 2069">
     <span class='ocr_line' id='line_1_24' title="bbox 1302 1562 2069 1660; baseline 0.01 -30"><span class='ocrx_word' id='word_1_141' title='bbox 1302 1562 1381 1656; x_wconf 82' lang='lat' dir='ltr'><em>sura</em></span> <span class='ocrx_word' id='word_1_142' title='bbox 1405 1565 1527 1660; x_wconf 80' lang='lat' dir='ltr'><em>erigit,</em></span> <span class='ocrx_word' id='word_1_143' title='bbox 1566 1591 1586 1638; x_wconf 81' lang='lat' dir='ltr'>a</span> <span class='ocrx_word' id='word_1_144' title='bbox 1615 1569 1770 1640; x_wconf 83' lang='lat' dir='ltr'><em>Patrono</em></span> <span class='ocrx_word' id='word_1_145' title='bbox 1797 1564 1858 1638; x_wconf 86' lang='lat' dir='ltr'><em>suo</em></span> <span class='ocrx_word' id='word_1_146' title='bbox 1892 1567 1939 1637; x_wconf 86' lang='lat' dir='ltr'><em>ad</em></span> <span class='ocrx_word' id='word_1_147' title='bbox 1962 1567 2069 1638; x_wconf 84' lang='lat' dir='ltr'><em>Placi-</em></span> 
     </span>
     <span class='ocr_line' id='line_1_25' title="bbox 1308 1664 2070 1764; baseline 0.009 -31"><span class='ocrx_word' id='word_1_148' title='bbox 1308 1685 1375 1734; x_wconf 92' lang='lat' dir='ltr'><em>tum</em></span> <span class='ocrx_word' id='word_1_149' title='bbox 1399 1666 1596 1748; x_wconf 87' lang='lat' dir='ltr'><em>deducatur,</em></span> <span class='ocrx_word' id='word_1_150' title='bbox 1633 1693 1672 1737; x_wconf 90' lang='lat' dir='ltr'><em>ne</em></span> <span class='ocrx_word' id='word_1_151' title='bbox 1703 1664 1937 1764; x_wconf 75' lang='lat' dir='ltr'><em>pignorationis</em></span> <span class='ocrx_word' id='word_1_152' title='bbox 1962 1667 2070 1753; x_wconf 79' lang='lat' dir='ltr'><em>occasio</em></span> 
     </span>
     <span class='ocr_line' id='line_1_26' title="bbox 1307 1767 2070 1866; baseline 0.004 -31"><span class='ocrx_word' id='word_1_153' title='bbox 1307 1769 1418 1836; x_wconf 80' lang='lat' dir='ltr'><em>aditus</em></span> <span class='ocrx_word' id='word_1_154' title='bbox 1443 1769 1575 1864; x_wconf 88' lang='lat' dir='ltr'><em>rapinae</em></span> <span class='ocrx_word' id='word_1_155' title='bbox 1599 1769 1879 1863; x_wconf 70' lang='lat' dir='ltr'><em>depraedatoribus</em></span> <span class='ocrx_word' id='word_1_156' title='bbox 1904 1767 1940 1838; x_wconf 93' lang='lat' dir='ltr'><em>in</em></span> <span class='ocrx_word' id='word_1_157' title='bbox 1965 1770 2070 1866; x_wconf 86' lang='lat' dir='ltr'><em>aliqua</em></span> 
     </span>
     <span class='ocr_line' id='line_1_27' title="bbox 1306 1867 2070 1962; baseline 0.009 -28"><span class='ocrx_word' id='word_1_158' title='bbox 1306 1867 1500 1962; x_wconf 77' lang='lat' dir='ltr'><em>praelietur.</em></span> <span class='ocrx_word' id='word_1_159' title='bbox 1541 1870 1762 1942; x_wconf 73' lang='lat' dir='ltr'><em>interdicimus</em></span> <span class='ocrx_word' id='word_1_160' title='bbox 1796 1871 1914 1947; x_wconf 87' lang='lat' dir='ltr'><em>etiam,</em></span> <span class='ocrx_word' id='word_1_161' title='bbox 1954 1871 2070 1942; x_wconf 86' lang='lat' dir='ltr'><em>nemini</em></span> 
     </span>
     <span class='ocr_line' id='line_1_28' title="bbox 1308 1968 2070 2069; baseline 0.005 -31"><span class='ocrx_word' id='word_1_162' title='bbox 1308 1968 1399 2040; x_wconf 87' lang='lat' dir='ltr'><em>licere</em></span> <span class='ocrx_word' id='word_1_163' title='bbox 1422 1971 1547 2042; x_wconf 86' lang='lat' dir='ltr'><em>alienas</em></span> <span class='ocrx_word' id='word_1_164' title='bbox 1572 1996 1621 2043; x_wconf 91' lang='lat' dir='ltr'><em>ret</em></span> <span class='ocrx_word' id='word_1_165' title='bbox 1640 1972 1878 2069; x_wconf 76' lang='lat' dir='ltr'><em>praesumptive</em></span> <span class='ocrx_word' id='word_1_166' title='bbox 1921 1971 2070 2044; x_wconf 80' lang='lat' dir='ltr'><em>inuadere</em></span> 
     </span>
    </p>
   </div>
   <div class='ocr_carea' id='block_1_7' title="bbox 432 2067 2070 2171">
    <p class='ocr_par' dir='ltr' id='par_1_7' title="bbox 432 2067 2070 2171">
     <span class='ocr_line' id='line_1_29' title="bbox 432 2067 2070 2171; baseline 0.003 -31"><span class='ocrx_word' id='word_1_167' title='bbox 432 2069 510 2166; x_wconf 88' lang='lat' dir='ltr'><em>quio</em></span> <span class='ocrx_word' id='word_1_168' title='bbox 542 2068 625 2140; x_wconf 88' lang='lat' dir='ltr'><em>tales</em></span> <span class='ocrx_word' id='word_1_169' title='bbox 657 2067 832 2143; x_wconf 83' lang='lat' dir='ltr'><em>violentias</em></span> <span class='ocrx_word' id='word_1_170' title='bbox 870 2073 959 2168; x_wconf 87' lang='lat' dir='ltr'><em>apud</em></span> <span class='ocrx_word' id='word_1_171' title='bbox 1000 2068 1197 2156; x_wconf 74' lang='lat' dir='ltr'><em>Christianos</em></span> <span class='ocrx_word' id='word_1_172' title='bbox 1308 2067 1459 2154; x_wconf 82' lang='lat' dir='ltr'><em>occufione</em></span> <span class='ocrx_word' id='word_1_173' title='bbox 1482 2068 1638 2145; x_wconf 81' lang='lat' dir='ltr'><em>Carsulae</em></span> <span class='ocrx_word' id='word_1_174' title='bbox 1662 2075 1704 2146; x_wconf 90' lang='lat' dir='ltr'><em>ab</em></span> <span class='ocrx_word' id='word_1_175' title='bbox 1728 2099 1763 2144; x_wconf 91' lang='lat' dir='ltr'><em>eo</em></span> <span class='ocrx_word' id='word_1_176' title='bbox 1784 2071 1911 2162; x_wconf 76' lang='lat' dir='ltr'><em>follae,</em></span> <span class='ocrx_word' id='word_1_177' title='bbox 1937 2073 1996 2171; x_wconf 90' lang='lat' dir='ltr'><em>qui</em></span> <span class='ocrx_word' id='word_1_178' title='bbox 2016 2099 2070 2145; x_wconf 76' lang='lat' dir='ltr'><em>en·</em></span> 
     </span>
    </p>
   </div>
   <div class='ocr_carea' id='block_1_8' title="bbox 433 2167 1197 2269">
    <p class='ocr_par' dir='ltr' id='par_1_8' title="bbox 433 2167 1197 2269">
     <span class='ocr_line' id='line_1_30' title="bbox 433 2167 1197 2269; baseline -0.001 -26"><span class='ocrx_word' id='word_1_179' title='bbox 433 2197 494 2244; x_wconf 91' lang='lat' dir='ltr'><em>non</em></span> <span class='ocrx_word' id='word_1_180' title='bbox 519 2173 626 2242; x_wconf 87' lang='lat' dir='ltr'><em>debete</em></span> <span class='ocrx_word' id='word_1_181' title='bbox 644 2167 723 2264; x_wconf 88' lang='lat' dir='ltr'><em>fieri</em></span> <span class='ocrx_word' id='word_1_182' title='bbox 749 2199 809 2244; x_wconf 91' lang='lat' dir='ltr'><em>rron</em></span> <span class='ocrx_word' id='word_1_183' title='bbox 831 2169 1037 2246; x_wconf 83' lang='lat' dir='ltr'><em>dubitamus.</em></span> <span class='ocrx_word' id='word_1_184' title='bbox 1065 2171 1197 2269; x_wconf 80' lang='lat' dir='ltr'><em>Ideoque</em></span> 
     </span>
    </p>
   </div>
   <div class='ocr_carea' id='block_1_9' title="bbox 431 2269 1194 2365">
    <p class='ocr_par' dir='ltr' id='par_1_9' title="bbox 431 2269 1194 2365">
     <span class='ocr_line' id='line_1_31' title="bbox 431 2269 1194 2365; baseline 0.001 -20"><span class='ocrx_word' id='word_1_185' title='bbox 431 2272 570 2346; x_wconf 87' lang='lat' dir='ltr'><em>amnium</em></span> <span class='ocrx_word' id='word_1_186' title='bbox 589 2269 741 2365; x_wconf 75' lang='lat' dir='ltr'><em>fidelium</em></span> <span class='ocrx_word' id='word_1_187' title='bbox 765 2275 934 2363; x_wconf 79' lang='lat' dir='ltr'><em>nrtjlrorum</em></span> <span class='ocrx_word' id='word_1_188' title='bbox 958 2271 1060 2346; x_wconf 70' lang='lat' dir='ltr'><em>tam&#39;</em></span> <span class='ocrx_word' id='word_1_189' title='bbox 1080 2297 1194 2346; x_wconf 83' lang='lat' dir='ltr'><em>reuen-</em></span> 
     </span>
    </p>
   </div>
   <div class='ocr_carea' id='block_1_10' title="bbox 1302 2170 2072 2373">
    <p class='ocr_par' dir='ltr' id='par_1_10' title="bbox 1302 2170 2072 2373">
     <span class='ocr_line' id='line_1_32' title="bbox 1302 2170 2070 2270; baseline 0.009 -32"><span class='ocrx_word' id='word_1_190' title='bbox 1302 2170 1456 2257; x_wconf 81' lang='lat' dir='ltr'><em>Jlieurom</em></span> <span class='ocrx_word' id='word_1_191' title='bbox 1481 2173 1658 2270; x_wconf 87' lang='lat' dir='ltr'><em>legitimam</em></span> <span class='ocrx_word' id='word_1_192' title='bbox 1684 2201 1746 2246; x_wconf 91' lang='lat' dir='ltr'><em>non</em></span> <span class='ocrx_word' id='word_1_193' title='bbox 1771 2171 1910 2269; x_wconf 73' lang='lat' dir='ltr'><em>babuiffe</em></span> <span class='ocrx_word' id='word_1_194' title='bbox 1937 2174 2070 2268; x_wconf 76' lang='lat' dir='ltr'><em>dinosci-</em></span> 
     </span>
     <span class='ocr_line' id='line_1_33' title="bbox 1311 2271 2072 2373; baseline 0.004 -31"><span class='ocrx_word' id='word_1_195' title='bbox 1311 2292 1365 2342; x_wconf 89' lang='lat' dir='ltr'><em>tur</em></span> <span class='ocrx_word' id='word_1_196' title='bbox 1376 2299 1398 2361; x_wconf 86' lang='lat'><em>,·</em></span> <span class='ocrx_word' id='word_1_197' title='bbox 1430 2273 1492 2363; x_wconf 77' lang='lat' dir='ltr'><em>sed</em></span> <span class='ocrx_word' id='word_1_198' title='bbox 1519 2271 1552 2359; x_wconf 75' lang='lat' dir='ltr'><em>st</em></span> <span class='ocrx_word' id='word_1_199' title='bbox 1584 2275 1658 2372; x_wconf 91' lang='lat' dir='ltr'><em>quis</em></span> <span class='ocrx_word' id='word_1_200' title='bbox 1695 2275 1870 2373; x_wconf 84' lang='lat' dir='ltr'><em>adquifiror</em></span> <span class='ocrx_word' id='word_1_201' title='bbox 1909 2275 2072 2356; x_wconf 75' lang='lat' dir='ltr'><em>extiterit,</em></span> 
     </span>
    </p>
   </div>
   <div class='ocr_carea' id='block_1_11' title="bbox 432 2371 2073 2474">
    <p class='ocr_par' dir='ltr' id='par_1_11' title="bbox 432 2371 2073 2474">
     <span class='ocr_line' id='line_1_34' title="bbox 432 2371 2073 2474; baseline -0.001 -26"><span class='ocrx_word' id='word_1_202' title='bbox 432 2375 616 2470; x_wconf 84' lang='lat' dir='ltr'><em>tiffimorum</em></span> <span class='ocrx_word' id='word_1_203' title='bbox 642 2375 882 2474; x_wconf 70' lang='lat' dir='ltr'><em>Episcopum,</em></span> <span class='ocrx_word' id='word_1_204' title='bbox 909 2399 1062 2472; x_wconf 88' lang='lat' dir='ltr'><em>quamque</em></span> <span class='ocrx_word' id='word_1_205' title='bbox 1079 2371 1127 2454; x_wconf 62' lang='grc' dir='ltr'><em>ἐφ’</em></span> <span class='ocrx_word' id='word_1_206' title='bbox 1150 2375 1194 2445; x_wconf 86' lang='lat' dir='ltr'><em>il·</em></span> <span class='ocrx_word' id='word_1_207' title='bbox 1237 2379 1271 2452; x_wconf 81' lang='lat' dir='ltr'>C</span> <span class='ocrx_word' id='word_1_208' title='bbox 1311 2399 1373 2444; x_wconf 89' lang='lat' dir='ltr'><em>non</em></span> <span class='ocrx_word' id='word_1_209' title='bbox 1399 2393 1474 2446; x_wconf 84' lang='lat' dir='ltr'><em>ante</em></span> <span class='ocrx_word' id='word_1_210' title='bbox 1501 2375 1655 2450; x_wconf 82' lang='lat' dir='ltr'><em>invadere</em></span> <span class='ocrx_word' id='word_1_211' title='bbox 1679 2379 1803 2450; x_wconf 88' lang='lat' dir='ltr'><em>alienas</em></span> <span class='ocrx_word' id='word_1_212' title='bbox 1827 2403 1876 2450; x_wconf 91' lang='lat' dir='ltr'><em>rts</em></span> <span class='ocrx_word' id='word_1_213' title='bbox 1899 2375 2073 2462; x_wconf 74' lang='lat' dir='ltr'><em>Ecclesiae,</em></span> 
     </span>
    </p>
   </div>
   <div class='ocr_carea' id='block_1_12' title="bbox 299 2475 1196 2971">
    <p class='ocr_par' dir='ltr' id='par_1_12' title="bbox 299 2475 1196 2971">
     <span class='ocr_line' id='line_1_35' title="bbox 299 2475 1194 2574; baseline -0.001 -24"><span class='ocrx_word' id='word_1_214' title='bbox 299 2543 300 2550; x_wconf 74' lang='grc'>,</span> <span class='ocrx_word' id='word_1_215' title='bbox 433 2477 578 2566; x_wconf 78' lang='lat' dir='ltr'><em>lussriune</em></span> <span class='ocrx_word' id='word_1_216' title='bbox 612 2477 789 2558; x_wconf 87' lang='lat' dir='ltr'><em>Comitum,</em></span> <span class='ocrx_word' id='word_1_217' title='bbox 830 2478 1076 2574; x_wconf 88' lang='lat' dir='ltr'><em>reliquorumque</em></span> <span class='ocrx_word' id='word_1_218' title='bbox 1104 2475 1194 2570; x_wconf 81' lang='lat' dir='ltr'><em>fide·</em></span> 
     </span>
     <span class='ocr_line' id='line_1_36' title="bbox 432 2576 1194 2676; baseline 0 -24"><span class='ocrx_word' id='word_1_219' title='bbox 432 2581 513 2652; x_wconf 90' lang='lat' dir='ltr'><em>lium</em></span> <span class='ocrx_word' id='word_1_220' title='bbox 538 2576 707 2668; x_wconf 73' lang='lat' dir='ltr'><em>nostrorum</em></span> <span class='ocrx_word' id='word_1_221' title='bbox 731 2581 840 2662; x_wconf 87' lang='lat' dir='ltr'><em>coitu,</em></span> <span class='ocrx_word' id='word_1_222' title='bbox 873 2577 963 2671; x_wconf 74' lang='lat' dir='ltr'><em>fallo</em></span> <span class='ocrx_word' id='word_1_223' title='bbox 988 2579 1114 2665; x_wconf 85' lang='lat' dir='ltr'><em>confilio</em></span> <span class='ocrx_word' id='word_1_224' title='bbox 1135 2607 1194 2676; x_wconf 86' lang='lat' dir='ltr'><em>gc·</em></span> 
     </span>
     <span class='ocr_line' id='line_1_37' title="bbox 434 2680 1193 2778; baseline 0 -26"><span class='ocrx_word' id='word_1_225' title='bbox 434 2681 561 2759; x_wconf 90' lang='lat' dir='ltr'><em>nerali,</em></span> <span class='ocrx_word' id='word_1_226' title='bbox 589 2681 673 2763; x_wconf 89' lang='lat' dir='ltr'><em>Dei,</em></span> <span class='ocrx_word' id='word_1_227' title='bbox 713 2681 874 2778; x_wconf 81' lang='lat' dir='ltr'><em>nollraque</em></span> <span class='ocrx_word' id='word_1_228' title='bbox 899 2683 1062 2778; x_wconf 78' lang='lat' dir='ltr'><em>imperiali</em></span> <span class='ocrx_word' id='word_1_229' title='bbox 1086 2680 1193 2754; x_wconf 80' lang='lat' dir='ltr'><em>nullo·</em></span> 
     </span>
     <span class='ocr_line' id='line_1_38' title="bbox 433 2781 1195 2878; baseline -0.003 -26"><span class='ocrx_word' id='word_1_230' title='bbox 433 2783 529 2856; x_wconf 85' lang='lat' dir='ltr'><em>ritate</em></span> <span class='ocrx_word' id='word_1_231' title='bbox 548 2807 654 2852; x_wconf 90' lang='lat' dir='ltr'><em>omnes</em></span> <span class='ocrx_word' id='word_1_232' title='bbox 674 2783 734 2856; x_wconf 88' lang='lat' dir='ltr'><em>bas</em></span> <span class='ocrx_word' id='word_1_233' title='bbox 753 2781 987 2878; x_wconf 72' lang='lat' dir='ltr'><em>superstitiones</em></span> <span class='ocrx_word' id='word_1_234' title='bbox 1009 2781 1057 2862; x_wconf 65' lang='grc' dir='ltr'><em>ἐφ’</em></span> <span class='ocrx_word' id='word_1_235' title='bbox 1081 2784 1195 2878; x_wconf 83' lang='lat' dir='ltr'><em>impor-</em></span> 
     </span>
     <span class='ocr_line' id='line_1_39' title="bbox 433 2881 1196 2971; baseline -0.004 -16"><span class='ocrx_word' id='word_1_236' title='bbox 433 2905 530 2956; x_wconf 89' lang='lat' dir='ltr'><em>tunas</em></span> <span class='ocrx_word' id='word_1_237' title='bbox 546 2881 720 2954; x_wconf 81' lang='lat' dir='ltr'><em>violentias</em></span> <span class='ocrx_word' id='word_1_238' title='bbox 740 2883 892 2971; x_wconf 74' lang='lat' dir='ltr'><em>funditus</em></span> <span class='ocrx_word' id='word_1_239' title='bbox 913 2885 956 2954; x_wconf 89' lang='lat' dir='ltr'><em>ab</em></span> <span class='ocrx_word' id='word_1_240' title='bbox 972 2883 1124 2954; x_wconf 84' lang='lat' dir='ltr'><em>hodierna</em></span> <span class='ocrx_word' id='word_1_241' title='bbox 1142 2883 1196 2952; x_wconf 91' lang='lat' dir='ltr'><em>die</em></span> 
     </span>
    </p>
   </div>
   <div class='ocr_carea' id='block_1_13' title="bbox 433 2979 1196 3082">
    <p class='ocr_par' dir='ltr' id='par_1_13' title="bbox 433 2979 1196 3082">
     <span class='ocr_line' id='line_1_40' title="bbox 433 2979 1196 3082; baseline 0.004 -28"><span class='ocrx_word' id='word_1_242' title='bbox 433 2981 480 3064; x_wconf 69' lang='lat'><em>&amp;⁹</em></span> <span class='ocrx_word' id='word_1_243' title='bbox 518 2983 663 3076; x_wconf 85' lang='lat' dir='ltr'><em>deinceps</em></span> <span class='ocrx_word' id='word_1_244' title='bbox 697 2981 868 3054; x_wconf 85' lang='lat' dir='ltr'><em>abolendas</em></span> <span class='ocrx_word' id='word_1_245' title='bbox 902 2979 950 3062; x_wconf 56' lang='grc' dir='ltr'><em>(φ</em></span> <span class='ocrx_word' id='word_1_246' title='bbox 990 2983 1196 3082; x_wconf 77' lang='lat' dir='ltr'><em>extirpandas</em></span> 
     </span>
    </p>
   </div>
   <div class='ocr_carea' id='block_1_14' title="bbox 431 3081 1196 3280">
    <p class='ocr_par' dir='ltr' id='par_1_14' title="bbox 431 3081 1196 3280">
     <span class='ocr_line' id='line_1_41' title="bbox 431 3081 1196 3175; baseline -0.001 -15"><span class='ocrx_word' id='word_1_247' title='bbox 431 3085 584 3160; x_wconf 84' lang='lat' dir='ltr'><em>radicitus</em></span> <span class='ocrx_word' id='word_1_248' title='bbox 611 3081 709 3152; x_wconf 84' lang='lat' dir='ltr'><em>modis</em></span> <span class='ocrx_word' id='word_1_249' title='bbox 731 3081 873 3156; x_wconf 83' lang='lat' dir='ltr'><em>omnibus</em></span> <span class='ocrx_word' id='word_1_250' title='bbox 893 3084 1106 3159; x_wconf 89' lang='lat' dir='ltr'><em>decernimus:</em></span> <span class='ocrx_word' id='word_1_251' title='bbox 1124 3086 1196 3175; x_wconf 81' lang='lat' dir='ltr'><em>fla-</em></span> 
     </span>
     <span class='ocr_line' id='line_1_42' title="bbox 433 3183 1196 3280; baseline 0 -20"><span class='ocrx_word' id='word_1_252' title='bbox 433 3203 554 3260; x_wconf 86' lang='lat' dir='ltr'><em>tuentes</em></span> <span class='ocrx_word' id='word_1_253' title='bbox 566 3233 579 3266; x_wconf 84' lang='lat'><em>,</em></span> <span class='ocrx_word' id='word_1_254' title='bbox 619 3204 655 3256; x_wconf 91' lang='lat' dir='ltr'><em>ut</em></span> <span class='ocrx_word' id='word_1_255' title='bbox 690 3183 724 3258; x_wconf 86' lang='lat' dir='ltr'><em>in</em></span> <span class='ocrx_word' id='word_1_256' title='bbox 744 3185 860 3280; x_wconf 77' lang='lat' dir='ltr'><em>sanila</em></span> <span class='ocrx_word' id='word_1_257' title='bbox 884 3188 1029 3260; x_wconf 75' lang='lat' dir='ltr'><em>Aretina</em></span> <span class='ocrx_word' id='word_1_258' title='bbox 1056 3187 1196 3274; x_wconf 82' lang='lat' dir='ltr'><em>Ecclesia</em></span> 
     </span>
    </p>
   </div>
   <div class='ocr_carea' id='block_1_15' title="bbox 1308 2474 2076 2970">
    <p class='ocr_par' dir='ltr' id='par_1_15' title="bbox 1308 2474 2076 2970">
     <span class='ocr_line' id='line_1_43' title="bbox 1310 2474 2075 2575; baseline 0.003 -29"><span class='ocrx_word' id='word_1_259' title='bbox 1310 2476 1367 2546; x_wconf 81' lang='lat' dir='ltr'><em>uel</em></span> <span class='ocrx_word' id='word_1_260' title='bbox 1391 2474 1568 2574; x_wconf 76' lang='lat' dir='ltr'><em>cujuspiam</em></span> <span class='ocrx_word' id='word_1_261' title='bbox 1610 2477 1722 2552; x_wconf 85' lang='lat' dir='ltr'><em>Liberi</em></span> <span class='ocrx_word' id='word_1_262' title='bbox 1746 2479 1882 2551; x_wconf 87' lang='lat' dir='ltr'><em>bominis</em></span> <span class='ocrx_word' id='word_1_263' title='bbox 1901 2475 2075 2575; x_wconf 81' lang='lat' dir='ltr'><em>peruadere</em></span> 
     </span>
     <span class='ocr_line' id='line_1_44' title="bbox 1309 2575 2075 2677; baseline 0.003 -29"><span class='ocrx_word' id='word_1_264' title='bbox 1309 2575 1511 2673; x_wconf 77' lang='lat' dir='ltr'><em>praesumat,</em></span> <span class='ocrx_word' id='word_1_265' title='bbox 1536 2601 1704 2677; x_wconf 86' lang='lat' dir='ltr'><em>antequam</em></span> <span class='ocrx_word' id='word_1_266' title='bbox 1728 2578 1839 2652; x_wconf 69' lang='lat' dir='ltr'><em>auolor</em></span> <span class='ocrx_word' id='word_1_267' title='bbox 1857 2581 2012 2654; x_wconf 74' lang='lat' dir='ltr'><em>cartulae</em></span> <span class='ocrx_word' id='word_1_268' title='bbox 2029 2582 2075 2650; x_wconf 87' lang='lat' dir='ltr'><em>le·</em></span> 
     </span>
     <span class='ocr_line' id='line_1_45' title="bbox 1308 2675 2075 2774; baseline 0.003 -26"><span class='ocrx_word' id='word_1_269' title='bbox 1308 2677 1382 2774; x_wconf 87' lang='lat' dir='ltr'><em>gali</em></span> <span class='ocrx_word' id='word_1_270' title='bbox 1406 2675 1455 2756; x_wconf 71' lang='lat'><em>&amp;⁹</em></span> <span class='ocrx_word' id='word_1_271' title='bbox 1484 2679 1662 2771; x_wconf 79' lang='lat' dir='ltr'><em>judiciaria</em></span> <span class='ocrx_word' id='word_1_272' title='bbox 1684 2679 1881 2768; x_wconf 85' lang='lat' dir='ltr'><em>diffinitione</em></span> <span class='ocrx_word' id='word_1_273' title='bbox 1915 2707 1970 2752; x_wconf 89' lang='lat' dir='ltr'><em>eas</em></span> <span class='ocrx_word' id='word_1_274' title='bbox 1994 2679 2075 2751; x_wconf 84' lang='lat' dir='ltr'><em>vin-</em></span> 
     </span>
     <span class='ocr_line' id='line_1_46' title="bbox 1310 2776 2076 2869; baseline 0.007 -21"><span class='ocrx_word' id='word_1_275' title='bbox 1310 2779 1412 2869; x_wconf 89' lang='lat' dir='ltr'><em>dicet,</em></span> <span class='ocrx_word' id='word_1_276' title='bbox 1451 2776 1500 2858; x_wconf 67' lang='lat' dir='ltr'><em>r&amp;</em></span> <span class='ocrx_word' id='word_1_277' title='bbox 1537 2799 1611 2850; x_wconf 91' lang='lat' dir='ltr'><em>tunc</em></span> <span class='ocrx_word' id='word_1_278' title='bbox 1635 2781 1757 2850; x_wconf 90' lang='lat' dir='ltr'><em>demum</em></span> <span class='ocrx_word' id='word_1_279' title='bbox 1781 2779 1833 2850; x_wconf 89' lang='lat' dir='ltr'><em>cui</em></span> <span class='ocrx_word' id='word_1_280' title='bbox 1856 2781 1954 2862; x_wconf 81' lang='lat' dir='ltr'><em>vult,</em></span> <span class='ocrx_word' id='word_1_281' title='bbox 1989 2779 2076 2852; x_wconf 92' lang='lat' dir='ltr'><em>libe-</em></span> 
     </span>
     <span class='ocr_line' id='line_1_47' title="bbox 1310 2877 2076 2970; baseline 0.004 -20"><span class='ocrx_word' id='word_1_282' title='bbox 1310 2904 1379 2951; x_wconf 89' lang='lat' dir='ltr'><em>ram</em></span> <span class='ocrx_word' id='word_1_283' title='bbox 1402 2877 1563 2952; x_wconf 81' lang='lat' dir='ltr'><em>tribuendi</em></span> <span class='ocrx_word' id='word_1_284' title='bbox 1599 2879 1712 2952; x_wconf 87' lang='lat' dir='ltr'><em>babeat</em></span> <span class='ocrx_word' id='word_1_285' title='bbox 1742 2879 1949 2970; x_wconf 70' lang='lat' dir='ltr'><em>facultatem.</em></span> <span class='ocrx_word' id='word_1_286' title='bbox 1988 2887 2076 2953; x_wconf 83' lang='lat' dir='ltr'><em>Haec</em></span> 
     </span>
    </p>
   </div>
   <div class='ocr_carea' id='block_1_16' title="bbox 1293 2979 2072 3078">
    <p class='ocr_par' dir='ltr' id='par_1_16' title="bbox 1293 2979 2072 3078">
     <span class='ocr_line' id='line_1_48' title="bbox 1293 2979 2072 3078; baseline 0.001 -26"><span class='ocrx_word' id='word_1_287' title='bbox 1293 2984 1384 3064; x_wconf 64' lang='lat' dir='ltr'><em>,verb</em></span> <span class='ocrx_word' id='word_1_288' title='bbox 1410 2979 1513 3068; x_wconf 75' lang='lat' dir='ltr'><em>nerllra</em></span> <span class='ocrx_word' id='word_1_289' title='bbox 1533 2979 1712 3078; x_wconf 76' lang='lat' dir='ltr'><em>imperialis</em></span> <span class='ocrx_word' id='word_1_290' title='bbox 1731 2979 1910 3072; x_wconf 73' lang='lat' dir='ltr'><em>institutio,</em></span> <span class='ocrx_word' id='word_1_291' title='bbox 1936 2981 1981 3052; x_wconf 63' lang='lat' dir='ltr'><em>U*</em></span> <span class='ocrx_word' id='word_1_292' title='bbox 1999 3002 2072 3054; x_wconf 85' lang='lat' dir='ltr'><em>tan·</em></span> 
     </span>
    </p>
   </div>
   <div class='ocr_carea' id='block_1_17' title="bbox 1310 3079 2073 3176">
    <p class='ocr_par' dir='ltr' id='par_1_17' title="bbox 1310 3079 2073 3176">
     <span class='ocr_line' id='line_1_49' title="bbox 1310 3079 2073 3176; baseline 0.001 -24"><span class='ocrx_word' id='word_1_293' title='bbox 1310 3101 1412 3152; x_wconf 90' lang='lat' dir='ltr'><em>torum</em></span> <span class='ocrx_word' id='word_1_294' title='bbox 1429 3079 1582 3172; x_wconf 82' lang='lat' dir='ltr'><em>fidelium</em></span> <span class='ocrx_word' id='word_1_295' title='bbox 1608 3082 1776 3170; x_wconf 81' lang='lat' dir='ltr'><em>nollrorum</em></span> <span class='ocrx_word' id='word_1_296' title='bbox 1801 3105 1869 3156; x_wconf 87' lang='lat' dir='ltr'><em>tam</em></span> <span class='ocrx_word' id='word_1_297' title='bbox 1887 3084 2073 3176; x_wconf 80' lang='lat' dir='ltr'><em>reverentis-</em></span> 
     </span>
    </p>
   </div>
   <div class='ocr_carea' id='block_1_18' title="bbox 1305 3181 2073 3283">
    <p class='ocr_par' dir='ltr' id='par_1_18' title="bbox 1305 3181 2073 3283">
     <span class='ocr_line' id='line_1_50' title="bbox 1305 3181 2073 3283; baseline 0.004 -30"><span class='ocrx_word' id='word_1_298' title='bbox 1305 3181 1455 3268; x_wconf 75' lang='lat' dir='ltr'><em>simorum</em></span> <span class='ocrx_word' id='word_1_299' title='bbox 1480 3183 1727 3282; x_wconf 67' lang='lat' dir='ltr'><em>opiscoporum,</em></span> <span class='ocrx_word' id='word_1_300' title='bbox 1768 3209 1923 3283; x_wconf 88' lang='lat' dir='ltr'><em>quamque</em></span> <span class='ocrx_word' id='word_1_301' title='bbox 1955 3183 2004 3266; x_wconf 83' lang='lat'><em>&amp;</em></span> <span class='ocrx_word' id='word_1_302' title='bbox 2028 3211 2073 3256; x_wconf 87' lang='lat' dir='ltr'><em>oe·</em></span> 
     </span>
    </p>
   </div>
   <div class='ocr_carea' id='block_1_19' title="bbox 435 3283 2074 3385">
    <p class='ocr_par' dir='ltr' id='par_1_19' title="bbox 435 3283 2074 3385">
     <span class='ocr_line' id='line_1_51' title="bbox 435 3283 2074 3385; baseline -0.002 -23"><span class='ocrx_word' id='word_1_303' title='bbox 435 3287 543 3362; x_wconf 90' lang='lat' dir='ltr'><em>nullus</em></span> <span class='ocrx_word' id='word_1_304' title='bbox 582 3291 720 3368; x_wconf 88' lang='lat' dir='ltr'><em>Comes,</em></span> <span class='ocrx_word' id='word_1_305' title='bbox 762 3289 927 3385; x_wconf 76' lang='lat' dir='ltr'><em>nullusque</em></span> <span class='ocrx_word' id='word_1_306' title='bbox 957 3293 988 3382; x_wconf 89' lang='lat' dir='ltr'><em>J</em></span> <span class='ocrx_word' id='word_1_307' title='bbox 990 3291 1100 3370; x_wconf 79' lang='lat' dir='ltr'><em>uden,</em></span> <span class='ocrx_word' id='word_1_308' title='bbox 1141 3291 1197 3360; x_wconf 83' lang='lat' dir='ltr'><em>vel</em></span> <span class='ocrx_word' id='word_1_309' title='bbox 1238 3301 1270 3371; x_wconf 84' lang='lat' dir='ltr'>D</span> <span class='ocrx_word' id='word_1_310' title='bbox 1309 3305 1444 3356; x_wconf 87' lang='lat' dir='ltr'><em>terreum</em></span> <span class='ocrx_word' id='word_1_311' title='bbox 1468 3283 1622 3378; x_wconf 79' lang='lat' dir='ltr'><em>fidelium</em></span> <span class='ocrx_word' id='word_1_312' title='bbox 1651 3287 1842 3384; x_wconf 85' lang='lat' dir='ltr'><em>generaliter</em></span> <span class='ocrx_word' id='word_1_313' title='bbox 1873 3287 2074 3384; x_wconf 85' lang='lat' dir='ltr'><em>promulgata</em></span> 
     </span>
    </p>
   </div>
   <div class='ocr_carea' id='block_1_20' title="bbox 433 3387 1198 4905">
    <p class='ocr_par' dir='ltr' id='par_1_20' title="bbox 433 3387 1198 4905">
     <span class='ocr_line' id='line_1_52' title="bbox 433 3387 1197 3490; baseline -0.003 -28"><span class='ocrx_word' id='word_1_314' title='bbox 433 3389 591 3490; x_wconf 79' lang='lat' dir='ltr'><em>quaelibet</em></span> <span class='ocrx_word' id='word_1_315' title='bbox 621 3387 814 3482; x_wconf 77' lang='lat' dir='ltr'><em>judiciariae</em></span> <span class='ocrx_word' id='word_1_316' title='bbox 855 3389 1017 3486; x_wconf 79' lang='lat' dir='ltr'><em>potessatis</em></span> <span class='ocrx_word' id='word_1_317' title='bbox 1050 3391 1197 3488; x_wconf 77' lang='lat' dir='ltr'><em>personae</em></span> 
     </span>
     <span class='ocr_line' id='line_1_53' title="bbox 434 3485 1196 3590; baseline -0.003 -24"><span class='ocrx_word' id='word_1_318' title='bbox 434 3518 500 3568; x_wconf 88' lang='lat' dir='ltr'><em>tam</em></span> <span class='ocrx_word' id='word_1_319' title='bbox 528 3491 562 3562; x_wconf 87' lang='lat' dir='ltr'><em>in</em></span> <span class='ocrx_word' id='word_1_320' title='bbox 589 3485 765 3572; x_wconf 90' lang='lat' dir='ltr'><em>Plebibus‚</em></span> <span class='ocrx_word' id='word_1_321' title='bbox 790 3516 944 3590; x_wconf 89' lang='lat' dir='ltr'><em>quamque</em></span> <span class='ocrx_word' id='word_1_322' title='bbox 970 3493 1006 3564; x_wconf 91' lang='lat' dir='ltr'><em>in</em></span> <span class='ocrx_word' id='word_1_323' title='bbox 1031 3493 1196 3580; x_wconf 83' lang='lat' dir='ltr'><em>Monalle-</em></span> 
     </span>
     <span class='ocr_line' id='line_1_54' title="bbox 433 3591 1192 3690; baseline -0.003 -24"><span class='ocrx_word' id='word_1_324' title='bbox 433 3596 513 3675; x_wconf 90' lang='lat' dir='ltr'><em>riis,</em></span> <span class='ocrx_word' id='word_1_325' title='bbox 540 3593 667 3674; x_wconf 87' lang='lat' dir='ltr'><em>titulis,</em></span> <span class='ocrx_word' id='word_1_326' title='bbox 700 3591 834 3690; x_wconf 81' lang='lat' dir='ltr'><em>aliisque</em></span> <span class='ocrx_word' id='word_1_327' title='bbox 860 3592 1034 3679; x_wconf 82' lang='lat' dir='ltr'><em>Eccleliis‚</em></span> <span class='ocrx_word' id='word_1_328' title='bbox 1058 3595 1116 3666; x_wconf 83' lang='lat' dir='ltr'><em>vel</em></span> <span class='ocrx_word' id='word_1_329' title='bbox 1139 3597 1192 3664; x_wconf 90' lang='lat' dir='ltr'><em>do·</em></span> 
     </span>
     <span class='ocr_line' id='line_1_55' title="bbox 433 3691 1195 3794; baseline -0.003 -26"><span class='ocrx_word' id='word_1_330' title='bbox 433 3696 562 3778; x_wconf 86' lang='lat' dir='ltr'><em>nribus,</em></span> <span class='ocrx_word' id='word_1_331' title='bbox 582 3693 640 3788; x_wconf 79' lang='lat' dir='ltr'><em>seu</em></span> <span class='ocrx_word' id='word_1_332' title='bbox 663 3691 798 3768; x_wconf 78' lang='lat' dir='ltr'><em>urbanis</em></span> <span class='ocrx_word' id='word_1_333' title='bbox 821 3695 877 3766; x_wconf 84' lang='lat' dir='ltr'><em>vel</em></span> <span class='ocrx_word' id='word_1_334' title='bbox 903 3695 1025 3780; x_wconf 79' lang='lat' dir='ltr'><em>rullirir</em></span> <span class='ocrx_word' id='word_1_335' title='bbox 1046 3694 1195 3794; x_wconf 71' lang='lat' dir='ltr'><em>polleffio·</em></span> 
     </span>
     <span class='ocr_line' id='line_1_56' title="bbox 434 3795 1195 3893; baseline -0.004 -24"><span class='ocrx_word' id='word_1_336' title='bbox 434 3795 531 3869; x_wconf 88' lang='lat' dir='ltr'><em>nibus</em></span> <span class='ocrx_word' id='word_1_337' title='bbox 554 3797 601 3868; x_wconf 87' lang='lat' dir='ltr'><em>orl</em></span> <span class='ocrx_word' id='word_1_338' title='bbox 634 3821 702 3866; x_wconf 89' lang='lat' dir='ltr'><em>eam</em></span> <span class='ocrx_word' id='word_1_339' title='bbox 738 3795 970 3893; x_wconf 86' lang='lat' dir='ltr'><em>pertinentibus</em></span> <span class='ocrx_word' id='word_1_340' title='bbox 994 3797 1122 3870; x_wconf 87' lang='lat' dir='ltr'><em>Placita</em></span> <span class='ocrx_word' id='word_1_341' title='bbox 1146 3818 1195 3868; x_wconf 89' lang='lat' dir='ltr'><em>te-</em></span> 
     </span>
     <span class='ocr_line' id='line_1_57' title="bbox 435 3895 1194 3980; baseline 0 -8"><span class='ocrx_word' id='word_1_342' title='bbox 435 3925 530 3978; x_wconf 86' lang='lat' dir='ltr'><em>ncre,</em></span> <span class='ocrx_word' id='word_1_343' title='bbox 558 3895 742 3970; x_wconf 78' lang='lat' dir='ltr'><em>Moffarios</em></span> <span class='ocrx_word' id='word_1_344' title='bbox 766 3897 802 3970; x_wconf 76' lang='lat' dir='ltr'><em>bc</em></span> <span class='ocrx_word' id='word_1_345' title='bbox 830 3897 990 3970; x_wconf 81' lang='lat' dir='ltr'><em>Colonos</em></span> <span class='ocrx_word' id='word_1_346' title='bbox 1016 3897 1194 3980; x_wconf 83' lang='lat' dir='ltr'><em>Liberos,</em></span> 
     </span>
     <span class='ocr_line' id='line_1_58' title="bbox 433 3995 1194 4098; baseline -0.005 -24"><span class='ocrx_word' id='word_1_347' title='bbox 433 3997 635 4089; x_wconf 82' lang='lat' dir='ltr'><em>Aldiones,</em></span> <span class='ocrx_word' id='word_1_348' title='bbox 671 4000 729 4072; x_wconf 82' lang='lat' dir='ltr'><em>rel</em></span> <span class='ocrx_word' id='word_1_349' title='bbox 763 4003 888 4073; x_wconf 82' lang='lat' dir='ltr'><em>Servos</em></span> <span class='ocrx_word' id='word_1_350' title='bbox 924 3996 1080 4098; x_wconf 86' lang='lat' dir='ltr'><em>quosque</em></span> <span class='ocrx_word' id='word_1_351' title='bbox 1113 3995 1194 4073; x_wconf 83' lang='lat' dir='ltr'><em>resr-</em></span> 
     </span>
     <span class='ocr_line' id='line_1_59' title="bbox 434 4097 1194 4201; baseline 0 -27"><span class='ocrx_word' id='word_1_352' title='bbox 434 4101 555 4174; x_wconf 78' lang='lat' dir='ltr'><em>dentes</em></span> <span class='ocrx_word' id='word_1_353' title='bbox 582 4097 681 4198; x_wconf 85' lang='lat' dir='ltr'><em>super</em></span> <span class='ocrx_word' id='word_1_354' title='bbox 713 4127 767 4174; x_wconf 86' lang='lat' dir='ltr'><em>rcs</em></span> <span class='ocrx_word' id='word_1_355' title='bbox 794 4100 835 4173; x_wconf 86' lang='lat' dir='ltr'><em>ad</em></span> <span class='ocrx_word' id='word_1_356' title='bbox 875 4100 1088 4201; x_wconf 69' lang='lat' dir='ltr'><em>proedisstm</em></span> <span class='ocrx_word' id='word_1_357' title='bbox 1116 4099 1194 4174; x_wconf 82' lang='lat' dir='ltr'><em>san-</em></span> 
     </span>
     <span class='ocr_line' id='line_1_60' title="bbox 434 4199 1195 4302; baseline -0.001 -25"><span class='ocrx_word' id='word_1_358' title='bbox 434 4202 527 4277; x_wconf 65' lang='lat' dir='ltr'><em>ilam</em></span> <span class='ocrx_word' id='word_1_359' title='bbox 555 4199 748 4274; x_wconf 82' lang='lat' dir='ltr'><em>E&#39;cclefiom&#39;</em></span> <span class='ocrx_word' id='word_1_360' title='bbox 784 4200 1021 4302; x_wconf 83' lang='lat' dir='ltr'><em>pertinentes,</em></span> <span class='ocrx_word' id='word_1_361' title='bbox 1055 4205 1195 4300; x_wconf 85' lang='lat' dir='ltr'><em>qualibet</em></span> 
     </span>
     <span class='ocr_line' id='line_1_61' title="bbox 434 4303 1193 4402; baseline -0.003 -25"><span class='ocrx_word' id='word_1_362' title='bbox 434 4307 522 4377; x_wconf 86' lang='lat' dir='ltr'><em>modo</em></span> <span class='ocrx_word' id='word_1_363' title='bbox 545 4303 751 4400; x_wconf 76' lang='lat' dir='ltr'><em>distringere,</em></span> <span class='ocrx_word' id='word_1_364' title='bbox 775 4305 964 4402; x_wconf 84' lang='lat' dir='ltr'><em>pignorare,</em></span> <span class='ocrx_word' id='word_1_365' title='bbox 1003 4306 1193 4402; x_wconf 84' lang='lat' dir='ltr'><em>angariare,</em></span> 
     </span>
     <span class='ocr_line' id='line_1_62' title="bbox 433 4399 1194 4498; baseline 0 -22"><span class='ocrx_word' id='word_1_366' title='bbox 433 4405 539 4498; x_wconf 80' lang='lat' dir='ltr'><em>consus</em></span> <span class='ocrx_word' id='word_1_367' title='bbox 564 4399 612 4482; x_wconf 62' lang='lat' dir='ltr'><em>dt*</em></span> <span class='ocrx_word' id='word_1_368' title='bbox 648 4403 851 4477; x_wconf 88' lang='lat' dir='ltr'><em>redibitiones</em></span> <span class='ocrx_word' id='word_1_369' title='bbox 890 4409 935 4479; x_wconf 73' lang='grc'><em>(9·</em></span> <span class='ocrx_word' id='word_1_370' title='bbox 967 4407 1104 4480; x_wconf 87' lang='lat' dir='ltr'><em>donaria</em></span> <span class='ocrx_word' id='word_1_371' title='bbox 1120 4407 1194 4480; x_wconf 83' lang='lat' dir='ltr'><em>¹ali-</em></span> 
     </span>
     <span class='ocr_line' id='line_1_63' title="bbox 434 4507 1198 4706; baseline -0.01 -22"><span class='ocrx_word' id='word_1_372' title='bbox 434 4507 1198 4706; x_wconf 53' lang='lat' dir='ltr'><em>bt‘ltlrbsslblbtbtgblts,ll</em></span> 
     </span>
     <span class='ocr_line' id='line_1_64' title="bbox 434 4706 1195 4809; baseline -0.004 -26"><span class='ocrx_word' id='word_1_373' title='bbox 434 4709 535 4809; x_wconf 77' lang='lat' dir='ltr'><em>erigit</em></span> <span class='ocrx_word' id='word_1_374' title='bbox 559 4731 705 4806; x_wconf 77' lang='lat' dir='ltr'><em>quaerere</em></span> <span class='ocrx_word' id='word_1_375' title='bbox 728 4707 775 4778; x_wconf 89' lang='lat' dir='ltr'><em>ad</em></span> <span class='ocrx_word' id='word_1_376' title='bbox 812 4706 993 4791; x_wconf 85' lang='lat' dir='ltr'><em>Placitum,</em></span> <span class='ocrx_word' id='word_1_377' title='bbox 1034 4735 1095 4806; x_wconf 85' lang='lat' dir='ltr'><em>pes</em></span> <span class='ocrx_word' id='word_1_378' title='bbox 1132 4711 1195 4781; x_wconf 77' lang='lat' dir='ltr'><em>ta-</em></span> 
     </span>
     <span class='ocr_line' id='line_1_65' title="bbox 434 4809 1195 4905; baseline -0.008 -17"><span class='ocrx_word' id='word_1_379' title='bbox 434 4829 597 4894; x_wconf 73' lang='lat' dir='ltr'><em>ttonem,</em></span> <span class='ocrx_word' id='word_1_380' title='bbox 617 4810 676 4905; x_wconf 77' lang='lat' dir='ltr'><em>sen</em></span> <span class='ocrx_word' id='word_1_381' title='bbox 699 4809 908 4885; x_wconf 71' lang='lat' dir='ltr'><em>Adnotatum</em></span> <span class='ocrx_word' id='word_1_382' title='bbox 924 4813 969 4884; x_wconf 88' lang='lat' dir='ltr'><em>ad</em></span> <span class='ocrx_word' id='word_1_383' title='bbox 988 4811 1117 4886; x_wconf 82' lang='lat' dir='ltr'><em>Placita</em></span> <span class='ocrx_word' id='word_1_384' title='bbox 1134 4810 1195 4885; x_wconf 90' lang='lat' dir='ltr'><em>ad·</em></span> 
     </span>
    </p>
   </div>
   <div class='ocr_carea' id='block_1_21' title="bbox 1305 3385 2073 4202">
    <p class='ocr_par' dir='ltr' id='par_1_21' title="bbox 1305 3385 2073 4202">
     <span class='ocr_line' id='line_1_66' title="bbox 1311 3385 2072 3478; baseline 0.005 -22"><span class='ocrx_word' id='word_1_385' title='bbox 1311 3387 1356 3456; x_wconf 68' lang='lat' dir='ltr'><em>U‘</em></span> <span class='ocrx_word' id='word_1_386' title='bbox 1376 3386 1504 3478; x_wconf 81' lang='lat' dir='ltr'><em>sancita</em></span> <span class='ocrx_word' id='word_1_387' title='bbox 1528 3385 1721 3470; x_wconf 79' lang='lat' dir='ltr'><em>aulloritas,</em></span> <span class='ocrx_word' id='word_1_388' title='bbox 1761 3391 1797 3459; x_wconf 88' lang='lat' dir='ltr'><em>in</em></span> <span class='ocrx_word' id='word_1_389' title='bbox 1822 3387 1965 3460; x_wconf 84' lang='lat' dir='ltr'><em>omnibus</em></span> <span class='ocrx_word' id='word_1_390' title='bbox 1989 3395 2072 3460; x_wconf 81' lang='lat' dir='ltr'><em>Par—</em></span> 
     </span>
     <span class='ocr_line' id='line_1_67' title="bbox 1310 3487 2070 3586; baseline 0.003 -28"><span class='ocrx_word' id='word_1_391' title='bbox 1310 3488 1447 3568; x_wconf 89' lang='lat' dir='ltr'><em>rocbiis,</em></span> <span class='ocrx_word' id='word_1_392' title='bbox 1482 3487 1716 3572; x_wconf 82' lang='lat' dir='ltr'><em>Comitrtibus,</em></span> <span class='ocrx_word' id='word_1_393' title='bbox 1752 3491 1797 3560; x_wconf 72' lang='grc' dir='ltr'><em>Ο·</em></span> <span class='ocrx_word' id='word_1_394' title='bbox 1830 3488 1992 3562; x_wconf 85' lang='lat' dir='ltr'><em>Marobiis</em></span> <span class='ocrx_word' id='word_1_395' title='bbox 2013 3509 2070 3586; x_wconf 83' lang='lat' dir='ltr'><em>per</em></span> 
     </span>
     <span class='ocr_line' id='line_1_68' title="bbox 1309 3587 2069 3686; baseline 0.003 -27"><span class='ocrx_word' id='word_1_396' title='bbox 1309 3587 1407 3659; x_wconf 90' lang='lat' dir='ltr'><em>totius</em></span> <span class='ocrx_word' id='word_1_397' title='bbox 1432 3588 1528 3676; x_wconf 81' lang='lat' dir='ltr'><em>nollri</em></span> <span class='ocrx_word' id='word_1_398' title='bbox 1553 3591 1685 3686; x_wconf 82' lang='lat' dir='ltr'><em>Imperii</em></span> <span class='ocrx_word' id='word_1_399' title='bbox 1702 3589 1815 3682; x_wconf 84' lang='lat' dir='ltr'><em>fines,</em></span> <span class='ocrx_word' id='word_1_400' title='bbox 1854 3591 1889 3662; x_wconf 91' lang='lat' dir='ltr'><em>in</em></span> <span class='ocrx_word' id='word_1_401' title='bbox 1915 3611 1979 3662; x_wconf 91' lang='lat' dir='ltr'><em>toto</em></span> <span class='ocrx_word' id='word_1_402' title='bbox 2004 3599 2069 3662; x_wconf 86' lang='lat' dir='ltr'><em>Re-</em></span> 
     </span>
     <span class='ocr_line' id='line_1_69' title="bbox 1305 3688 2073 3790; baseline 0.003 -30"><span class='ocrx_word' id='word_1_403' title='bbox 1305 3715 1371 3788; x_wconf 85' lang='lat' dir='ltr'><em>gno</em></span> <span class='ocrx_word' id='word_1_404' title='bbox 1396 3697 1610 3762; x_wconf 81' lang='lat' dir='ltr'><em>Romanorum</em></span> <span class='ocrx_word' id='word_1_405' title='bbox 1636 3688 1684 3772; x_wconf 61' lang='lat'><em>&amp;⁹</em></span> <span class='ocrx_word' id='word_1_406' title='bbox 1702 3693 2001 3790; x_wconf 84' lang='lat' dir='ltr'><em>Langobardorum,</em></span> <span class='ocrx_word' id='word_1_407' title='bbox 2027 3693 2073 3762; x_wconf 61' lang='grc' dir='ltr'><em>δ’</em></span> 
     </span>
     <span class='ocr_line' id='line_1_70' title="bbox 1310 3790 2071 3890; baseline -0.001 -26"><span class='ocrx_word' id='word_1_408' title='bbox 1310 3797 1454 3866; x_wconf 85' lang='lat' dir='ltr'><em>Ducatus</em></span> <span class='ocrx_word' id='word_1_409' title='bbox 1480 3790 1622 3878; x_wconf 83' lang='lat' dir='ltr'><em>Italiae,</em></span> <span class='ocrx_word' id='word_1_410' title='bbox 1660 3793 1802 3890; x_wconf 73' lang='lat' dir='ltr'><em>Spoleti,</em></span> <span class='ocrx_word' id='word_1_411' title='bbox 1845 3797 1887 3864; x_wconf 66' lang='grc' dir='ltr'>Φ</span> <span class='ocrx_word' id='word_1_412' title='bbox 1914 3793 2071 3888; x_wconf 83' lang='lat' dir='ltr'><em>Tusciae,</em></span> 
     </span>
     <span class='ocr_line' id='line_1_71' title="bbox 1310 3891 2071 3992; baseline -0.003 -26"><span class='ocrx_word' id='word_1_413' title='bbox 1310 3899 1378 3966; x_wconf 89' lang='lat' dir='ltr'><em>Deo</em></span> <span class='ocrx_word' id='word_1_414' title='bbox 1398 3891 1552 3982; x_wconf 72' lang='lat' dir='ltr'><em>favente,</em></span> <span class='ocrx_word' id='word_1_415' title='bbox 1590 3915 1647 3990; x_wconf 95' lang='lat' dir='ltr'><em>per</em></span> <span class='ocrx_word' id='word_1_416' title='bbox 1681 3893 1814 3986; x_wconf 82' lang='lat' dir='ltr'><em>infinita</em></span> <span class='ocrx_word' id='word_1_417' title='bbox 1839 3915 1975 3992; x_wconf 89' lang='lat' dir='ltr'><em>temporo</em></span> <span class='ocrx_word' id='word_1_418' title='bbox 1995 3915 2071 3992; x_wconf 91' lang='lat' dir='ltr'><em>pro·</em></span> 
     </span>
     <span class='ocr_line' id='line_1_72' title="bbox 1307 3995 2071 4093; baseline 0.003 -29"><span class='ocrx_word' id='word_1_419' title='bbox 1307 3995 1414 4093; x_wconf 88' lang='lat' dir='ltr'><em>prium</em></span> <span class='ocrx_word' id='word_1_420' title='bbox 1440 3995 1532 4066; x_wconf 92' lang='lat' dir='ltr'><em>robur</em></span> <span class='ocrx_word' id='word_1_421' title='bbox 1556 3996 1722 4079; x_wconf 88' lang='lat' dir='ltr'><em>obtineat,</em></span> <span class='ocrx_word' id='word_1_422' title='bbox 1758 3997 1902 4092; x_wconf 81' lang='lat' dir='ltr'><em>nullique</em></span> <span class='ocrx_word' id='word_1_423' title='bbox 1938 4017 2071 4068; x_wconf 86' lang='lat' dir='ltr'><em>temera-</em></span> 
     </span>
     <span class='ocr_line' id='line_1_73' title="bbox 1310 4095 2068 4202; baseline 0.004 -34"><span class='ocrx_word' id='word_1_424' title='bbox 1310 4097 1373 4168; x_wconf 90' lang='lat' dir='ltr'><em>tori</em></span> <span class='ocrx_word' id='word_1_425' title='bbox 1410 4123 1479 4170; x_wconf 88' lang='lat' dir='ltr'><em>eam</em></span> <span class='ocrx_word' id='word_1_426' title='bbox 1513 4117 1722 4202; x_wconf 80' lang='lat' dir='ltr'><em>contempnere</em></span> <span class='ocrx_word' id='word_1_427' title='bbox 1755 4095 1896 4187; x_wconf 72' lang='lat' dir='ltr'><em>facultas</em></span> <span class='ocrx_word' id='word_1_428' title='bbox 1934 4097 2068 4186; x_wconf 76' lang='lat' dir='ltr'><em>existat.</em></span> 
     </span>
    </p>
   </div>
   <div class='ocr_carea' id='block_1_22' title="bbox 1235 4197 2070 4298">
    <p class='ocr_par' dir='ltr' id='par_1_22' title="bbox 1235 4197 2070 4298">
     <span class='ocr_line' id='line_1_74' title="bbox 1235 4197 2070 4298; baseline -0.001 -29"><span class='ocrx_word' id='word_1_429' title='bbox 1235 4213 1264 4284; x_wconf 82' lang='grc' dir='ltr'>Ε</span> <span class='ocrx_word' id='word_1_430' title='bbox 1309 4197 1464 4295; x_wconf 71' lang='grc' dir='ltr'><em>ΩωαηιΙὶ</em></span> <span class='ocrx_word' id='word_1_431' title='bbox 1487 4198 1558 4295; x_wconf 87' lang='lat' dir='ltr'><em>quit</em></span> <span class='ocrx_word' id='word_1_432' title='bbox 1579 4199 1701 4271; x_wconf 83' lang='lat' dir='ltr'><em>violare</em></span> <span class='ocrx_word' id='word_1_433' title='bbox 1715 4199 1975 4298; x_wconf 75' lang='lat' dir='ltr'><em>praesumpserit,</em></span> <span class='ocrx_word' id='word_1_434' title='bbox 2001 4226 2070 4270; x_wconf 87' lang='lat' dir='ltr'><em>ceo-</em></span> 
     </span>
    </p>
   </div>
   <div class='ocr_carea' id='block_1_23' title="bbox 1309 4299 2071 4803">
    <p class='ocr_par' dir='ltr' id='par_1_23' title="bbox 1309 4299 2071 4803">
     <span class='ocr_line' id='line_1_75' title="bbox 1310 4299 2071 4400; baseline -0.003 -28"><span class='ocrx_word' id='word_1_435' title='bbox 1310 4323 1377 4372; x_wconf 89' lang='lat' dir='ltr'><em>tum</em></span> <span class='ocrx_word' id='word_1_436' title='bbox 1404 4299 1521 4372; x_wconf 86' lang='lat' dir='ltr'><em>Libras</em></span> <span class='ocrx_word' id='word_1_437' title='bbox 1541 4299 1615 4372; x_wconf 88' lang='lat' dir='ltr'><em>euri</em></span> <span class='ocrx_word' id='word_1_438' title='bbox 1640 4351 1649 4374; x_wconf 91' lang='lat'><strong><em>.</em></strong></span> <span class='ocrx_word' id='word_1_439' title='bbox 1675 4353 1685 4372; x_wconf 89' lang='lat'><strong>.</strong></span> <span class='ocrx_word' id='word_1_440' title='bbox 1712 4353 1722 4374; x_wconf 85' lang='grc'><strong>.</strong></span> <span class='ocrx_word' id='word_1_441' title='bbox 1749 4354 1759 4373; x_wconf 92' lang='grc'><strong>.</strong></span> <span class='ocrx_word' id='word_1_442' title='bbox 1779 4299 1816 4393; x_wconf 88' lang='lat' dir='ltr'><em>se</em></span> <span class='ocrx_word' id='word_1_443' title='bbox 1838 4300 2071 4400; x_wconf 83' lang='lat' dir='ltr'><em>compofiturum</em></span> 
     </span>
     <span class='ocr_line' id='line_1_76' title="bbox 1309 4397 2071 4500; baseline -0.007 -25"><span class='ocrx_word' id='word_1_444' title='bbox 1309 4402 1482 4500; x_wconf 80' lang='lat' dir='ltr'><em>agnoscat,</em></span> <span class='ocrx_word' id='word_1_445' title='bbox 1509 4397 1708 4474; x_wconf 87' lang='lat' dir='ltr'><em>medietatem</em></span> <span class='ocrx_word' id='word_1_446' title='bbox 1729 4401 1907 4487; x_wconf 84' lang='lat' dir='ltr'><em>Ecclefire,</em></span> <span class='ocrx_word' id='word_1_447' title='bbox 1933 4405 1984 4476; x_wconf 89' lang='lat' dir='ltr'><em>cui</em></span> <span class='ocrx_word' id='word_1_448' title='bbox 1999 4405 2071 4472; x_wconf 82' lang='lat' dir='ltr'><em>vio-</em></span> 
     </span>
     <span class='ocr_line' id='line_1_77' title="bbox 1309 4503 2071 4585; baseline -0.001 -11"><span class='ocrx_word' id='word_1_449' title='bbox 1309 4504 1442 4576; x_wconf 84' lang='lat' dir='ltr'><em>lenciam</em></span> <span class='ocrx_word' id='word_1_450' title='bbox 1469 4503 1640 4585; x_wconf 86' lang='lat' dir='ltr'><em>intulerit,</em></span> <span class='ocrx_word' id='word_1_451' title='bbox 1676 4503 1724 4584; x_wconf 53' lang='grc' dir='ltr'><em>(γ’</em></span> <span class='ocrx_word' id='word_1_452' title='bbox 1750 4505 1949 4576; x_wconf 82' lang='lat' dir='ltr'><em>medietatem</em></span> <span class='ocrx_word' id='word_1_453' title='bbox 1972 4505 2071 4576; x_wconf 85' lang='lat' dir='ltr'><em>Polo·</em></span> 
     </span>
     <span class='ocr_line' id='line_1_78' title="bbox 1309 4603 2071 4694; baseline -0.003 -18"><span class='ocrx_word' id='word_1_454' title='bbox 1309 4607 1356 4676; x_wconf 88' lang='lat' dir='ltr'><em>tio</em></span> <span class='ocrx_word' id='word_1_455' title='bbox 1382 4603 1512 4693; x_wconf 78' lang='lat' dir='ltr'><em>noslrr.</em></span> <span class='ocrx_word' id='word_1_456' title='bbox 1548 4609 1598 4676; x_wconf 84' lang='lat' dir='ltr'><em>Et</em></span> <span class='ocrx_word' id='word_1_457' title='bbox 1634 4606 1689 4677; x_wconf 90' lang='lat' dir='ltr'><em>boc</em></span> <span class='ocrx_word' id='word_1_458' title='bbox 1720 4605 1841 4694; x_wconf 77' lang='lat' dir='ltr'><em>nollrae</em></span> <span class='ocrx_word' id='word_1_459' title='bbox 1874 4605 2071 4678; x_wconf 71' lang='lat' dir='ltr'><em>auctoritare</em></span> 
     </span>
     <span class='ocr_line' id='line_1_79' title="bbox 1309 4701 2070 4803; baseline 0.005 -23"><span class='ocrx_word' id='word_1_460' title='bbox 1309 4713 1510 4803; x_wconf 81' lang='lat' dir='ltr'><em>Praeceptum</em></span> <span class='ocrx_word' id='word_1_461' title='bbox 1522 4708 1650 4800; x_wconf 91' lang='lat' dir='ltr'><em>propria</em></span> <span class='ocrx_word' id='word_1_462' title='bbox 1669 4731 1765 4780; x_wconf 88' lang='lat' dir='ltr'><em>manu</em></span> <span class='ocrx_word' id='word_1_463' title='bbox 1780 4705 2009 4798; x_wconf 79' lang='lat' dir='ltr'><em>firmavimus,</em></span> <span class='ocrx_word' id='word_1_464' title='bbox 2025 4701 2070 4784; x_wconf 62' lang='grc' dir='ltr'><em>ῥ’</em></span> 
     </span>
    </p>
   </div>
   <div class='ocr_carea' id='block_1_24' title="bbox 1279 4779 1887 4909">
    <p class='ocr_par' dir='ltr' id='par_1_24' title="bbox 1279 4779 1887 4909">
     <span class='ocr_line' id='line_1_80' title="bbox 1279 4779 1887 4909; baseline 0.005 -29"><span class='ocrx_word' id='word_1_465' title='bbox 1279 4779 1285 4909; x_wconf 68' lang='lat' dir='ltr'><em>l</em></span> <span class='ocrx_word' id='word_1_466' title='bbox 1306 4809 1404 4882; x_wconf 91' lang='lat' dir='ltr'><em>annlr</em></span> <span class='ocrx_word' id='word_1_467' title='bbox 1428 4805 1529 4895; x_wconf 79' lang='lat' dir='ltr'><em>nostre</em></span> <span class='ocrx_word' id='word_1_468' title='bbox 1548 4805 1697 4902; x_wconf 77' lang='lat' dir='ltr'><em>juffimnr</em></span> <span class='ocrx_word' id='word_1_469' title='bbox 1714 4807 1887 4908; x_wconf 73' lang='lat' dir='ltr'><em>sigillari.</em></span> 
     </span>
    </p>
   </div>
   <div class='ocr_carea' id='block_1_25' title="bbox 0 0 2281 6064">
    <p class='ocr_par' dir='ltr' id='par_1_25' title="bbox 0 0 2281 6064">
     <span class='ocr_line' id='line_1_81' title="bbox 0 0 2281 6064; baseline 0 0"><span class='ocrx_word' id='word_1_470' title='bbox 0 0 2281 6064; x_wconf 95' lang='lat' dir='ltr'><em> </em></span> 
     </span>
    </p>
   </div>
  </div>
 </body>
</html>
