4536 6064
213 519 217 528 ι
283 439 366 523 709
578 401 946 492 DlSSERTATlO
987 387 1483 522 QlleFADECIMA
1495 419 1509 487 ὲ
1718 437 1811 522 7¹0·

291 747 294 752 .
334 669 591 762 Manuinillto
622 669 775 788 Aregifi
804 671 939 786 Servi,
973 672 1128 791 ejusque
1159 663 1330 776 Uxoris,
1359 669 1399 752 lle
1430 666 1627 760 Filiorum
1655 657 1758 765 {aila

243 787 246 792 ’
567 791 856 906 lBetengario
887 799 907 878 l
938 799 1049 908 Rege
1081 789 1246 899 ltaliae,
1276 793 1399 874 Anno
1427 819 1529 904 912.

279 1033 316 1102 N
339 1028 463 1100 nomine
503 1025 636 1100 Domini
669 1027 734 1100 Dei
767 1029 889 1101 eterni.
925 1013 987 1102 Be·
1028 1031 1063 1104 Α
1103 1080 1128 1118 „
1154 1041 1325 1124 quatenus
1356 1020 1623 1120 potestative&
1658 1027 1770 1106 libere
1805 1033 1862 1108 in-

305 1132 468 1226 rengaiirrs
489 1136 601 1224 gratia
626 1129 691 1202 Dei
725 1137 818 1204 Rex.
836 1189 839 1200 .
854 1132 991 1202 Noverit
1103 1183 1128 1222 „
1155 1126 1280 1202 cedant
1300 1149 1524 1223 quocumque
1543 1129 1746 1221 voluerint,
1772 1151 1864 1207 tam-

232 1234 333 1328 igitur
357 1232 494 1304 omniurn
511 1229 664 1322 fidelium
683 1230 814 1324 saniiae
839 1233 904 1306 Dei
925 1239 991 1306 Ec·

231 1333 360 1416 cieliae,
391 1337 618 1429 nostrorumque
640 1333 854 1428 praesentiam
871 1333 993 1425 seilicet

232 1462 269 1510 aa
289 1435 470 1525 futurorum
497 1433 674 1521 industria,
703 1460 759 1505 nos
780 1456 839 1530 pro
864 1436 930 1507 Dei
954 1462 994 1507 a-

234 1537 548 1608 marcomania
581 1535 708 1608 animae
743 1535 862 1623 nostrae
896 1563 995 1634 quen·

231 1640 307 1712 dam
333 1687 357 1720 „
385 1642 531 1712 Servum
559 1635 738 1730 nostrum,
767 1637 913 1712 nomine
942 1643 995 1711 A·

157 1790 162 1802 ·
234 1737 459 1838 „'regisum,
493 1739 574 1818 ‚cum
613 1765 722 1814 uxore
758 1736 816 1812 sua
844 1738 996 1814 Adelin·
1104 1789 1129 1826 „
1156 1735 1435 1812 substantiam&
1463 1731 1741 1834 suppelleiiilem
1769 1740 1866 1815 suam

234 1893 260 1932 „
287 1840 351 1931 da,
388 1843 422 1913 8<
452 1840 531 1916 filio
561 1838 621 1914 suo
648 1839 855 1930 Adelardo,
891 1844 926 1914 δι
954 1838 1021 1912 ἣν
1104 1839 1328 1929 „mobilem
1355 1839 1390 1910 δι
1425 1837 1678 1931 immobilem,
1714 1841 1867 1941 adquisi-

234 1995 259 2034 „
286 1940 335 2014 lia
363 1943 437 2040 ejus
464 1941 609 2039 nomine
637 1945 787 2041 Ingena,
826 1943 869 2014 ab
896 1941 1016 2022 omni¹
1038 1939 1091 2057 Bp·
1108 1992 1134 2030 „
1159 1956 1233 2014 tam
1260 1941 1295 2011 &
1322 1936 1600 2036 adquirendam,
1627 1957 1797 2039 quatenus
1824 1945 1868 2020 de

232 2041 466 2136 „servitutis
506 2042 682 2144 ligamine
724 2042 916 2134 liberalie,
959 2045 994 2116 δι
1109 2095 1134 2132 ,,
1160 2041 1326 2114 omnibus
1352 2064 1474 2114 eorum
1510 2035 1708 2116 substantiis
1742 2043 1795 2119 ita
1821 2046 1868 2120 li-

232 2197 257 2236 „
287 2147 461 2242 ingenuos
500 2141 689 2229 dimifille,
725 2145 760 2215 δι
787 2170 807 2216 a
834 2143 995 2218 manibus
1109 2196 1135 2234 „
1163 2143 1241 2216 bere
1267 2143 1302 2214 δι
1330 2138 1536 2240 potestative
1571 2139 1610 2214 in
1640 2143 1805 2222 omnibus
1831 2149 1869 2220 lic

235 2298 261 2337 „
288 2269 409 2318 eoram
446 2243 632 2320 seeundlrm
670 2242 818 2342 Regiam
854 2244 997 2330 consue·
1109 2296 1135 2334 ‚,
1163 2267 1223 2340 pet
1256 2242 1378 2318 omnia
1414 2240 1568 2334 saciant,
1605 2259 1785 2340 tamquam
1823 2249 1867 2322 ab

234 2344 454 2438 „tudinem
492 2349 653 2446 publicae
690 2363 853 2419 monetae
891 2345 997 2420 dena·
1110 2397 1135 2437 „
1161 2339 1360 2421 idoneis&
1387 2341 1551 2442 ingenuis
1577 2341 1870 2422 homiuibusna-

235 2447 380 2542 „rium
424 2446 623 2534 excollilse,
659 2446 778 2544 eisque
814 2473 875 2546 per
910 2473 997 2545 qua·
1110 2444 1193 2538 „ti
1221 2448 1278 2520 vel
1307 2443 1479 2546 procreati
1506 2442 1721 2538 extiterint,
1756 2451 1870 2544 absque

129 2589 132 2596 ·
235 2603 261 2641 „
289 2566 371 2622 tuor
395 2552 543 2648 angulos
570 2547 678 2622 Orbis
708 2548 854 2620 liberam
886 2548 997 2622 facul·
1111 2545 1238 2634 assisa,
1274 2547 1500 2643 nostrorumque
1531 2547 1654 2618 eredum
1679 2575 1716 2620 ae
1746 2559 1870 2644 praetre-

234 2703 267 2741 ‚„
286 2667 395 2724 tatem
424 2650 553 2740 eundi,
581 2678 621 2724 ac
644 2648 812 2722 redeundi
840 2649 997 2747 praesen·
1109 2653 1183 2720 dum
1209 2647 1475 2722 contradictione.
1509 2647 1550 2719 si
1574 2648 1646 2744 quis
1672 2649 1774 2745 igitar
1798 2655 1868 2726 (tc.

235 2803 261 2842 „
286 2749 334 2828 ris
361 2749 585 2828 audioritatis
620 2749 750 2850 pagina
776 2748 996 2844 concellille,
1519 2773 1523 2781 ·

1103 1385 1128 1423 „
1157 1335 1357 1404 Romanus.
1388 1325 1447 1398 Ad
1475 1327 1751 1408 confirmandam
1779 1363 1864 1411 vero

1104 1485 1127 1523 „
1155 1457 1277 1506 corum
1291 1429 1512 1506 Libertatem
1535 1431 1789 1532 perdonamus,
1810 1455 1864 1512 at-

1104 1587 1128 1624 „
1155 1559 1223 1632 que
1248 1532 1420 1632 largimur
1445 1529 1497 1606 eis
1534 1558 1594 1631 per
1628 1532 1696 1610 hoe
1732 1537 1865 1623 nostrae

1104 1689 1129 1726 „
1157 1631 1423 1709 Denariationis
1461 1635 1690 1733 Praeceptum
1719 1663 1866 1728 ornnem

799 2965 823 3038 S

332 3152 468 3250 Signum
494 3152 613 3228 Domni
696 2974 927 3404 Ν
1009 3145 1202 3246 Berengarii
1221 3146 1411 3243 serenr'ffimi
1436 3150 1562 3244 Regia.

1100 3455 1221 3532 Locus
1247 3451 1369 3554 Sigilli
1394 3455 1440 3546 tir
1459 3449 1550 3530 cerei
1576 3449 1768 3554 deperditi.
1867 3497 1876 3510 ·
2029 3489 2040 3525 e

277 3660 447 3753 Jobannes
472 3657 629 3732 Notarius
648 3657 738 3757 jaffe
768 3663 876 3762 Regio
900 3656 1067 3756 recognovi
1092 3655 1140 3738 &¹
1160 3655 1329 3753 subscripfi
1341 3711 1351 3732 .

289 3861 384 3938 meta
410 3866 464 3934 IV.
494 3863 662 3935 Kalendas
688 3863 831 3938 Oiinbris
843 3915 854 3947 ,
881 3872 983 3938 Anno
1010 3861 1196 3934 Dominieae
1221 3859 1456 3934 incarnationis
1490 3863 1721 3936 neocella-
1743 3859 1879 3940 Domini

339 3987 414 4034 vero
439 3965 631 4060 Bermgarii
648 3967 835 4061 sereniffinri
860 3967 965 4065 Regis
990 3967 1095 4036 XXV.
1120 3961 1300 4036 Indiiiione
1324 3966 1353 4038 Ι.

240 4161 368 4241 ddum
392 4164 515 4265 Papiae
540 4164 577 4238 in
600 4167 721 4256 Christi
745 4170 870 4244 nomine
890 4165 1047 4262 feliciter.
1071 4171 1201 4266 Amen.

103 4363 106 4370 ’
244 4429 249 4436 ff
283 4366 914 4456 Animadvertasvelimlndillionem
927 4375 1005 4450 Pri·
1042 4373 1075 4445 C
1116 4365 1248 4469 legitur
1272 4365 1352 4442 beic
1392 4363 1540 4444 facultas
1579 4367 1796 4446 mauumiffis
1831 4373 1877 4448 iis

1103 1283 1128 1321 „
1155 1254 1261 1326 quam
1301 1223 1412 1300 Miles
1454 1227 1650 1326 publicus,
1691 1233 1865 1334 Civilque
2000 1283 2005 1292 .

241 4495 327 4542 marn
352 4469 432 4544 heic
458 4469 626 4572 figuratam
646 4475 782 4550 cursum
807 4475 904 4552 suum
925 4504 1006 4553 coe·

238 4571 327 4669 pille
353 4573 549 4668 Septembri
577 4573 693 4650 mense
718 4579 819 4650 Anni
837 4584 1005 4652 DCCCC·

240 4677 317 4744 Xll.
345 4672 528 4774 ipsumque
555 4675 728 4776 Diploma
754 4679 876 4779 datum
904 4678 1005 4756 tuisse

238 4773 383 4870 Papiae.
411 4773 476 4849 llla
503 4776 624 4852 confer
650 4805 731 4853 eum
758 4780 841 4856 aliis
860 4779 1006 4856 Chattis

236 4873 262 4948 d
275 4901 332 4950 me
343 4875 574 4974 producendis
588 4877 628 4952 in
640 4881 821 4970 Differtat.
838 4886 1005 4957 XXXIV.

238 4985 280 5050 oe
318 4979 547 5076 Diplomatis.
589 4983 730 5056 Praeter
770 4981 1005 5059 excussionem

239 5075 374 5159 denarii
394 5081 567 5175 senadern
594 5082 734 5180 Regiam
758 5085 1007 5178 consuetudinem

1116 4469 1198 4545 data
1223 4467 1334 4544 libere
1359 4469 1457 4542 marli
1480 4481 1517 4542 ae
1540 4471 1693 4544 redeundi
1718 4494 1775 4568 per
1798 4501 1880 4570 qaa-

1116 4591 1186 4644 nror
1210 4572 1345 4668 anguina
1370 4570 1483 4644 Orbis:
1513 4569 1607 4668 quod
1634 4573 1878 4672 Langobardi·
1916 4605 1922 4614 ·

1117 4699 1198 4748 cum
1224 4671 1335 4747 ritum
1362 4669 1602 4792 praeseferre
1629 4671 1788 4750 videtur.
1812 4675 1878 4748 Sed

1116 4777 1152 4848 δι
1179 4773 1261 4857 aliis
1289 4772 1507 4852 Nattonibus
1526 4797 1599 4844 non
1619 4770 1788 4848 abfimilis
1808 4773 1879 4850 fuit

1096 4873 1226 4950 ritus.
1246 4877 1364 4949 Immo
1378 4871 1572 4949 &Latinis
1591 4873 1774 4972 antiquis,
1794 4873 1880 4952 lcti-

1117 4976 1222 5052 bente
1248 4977 1377 5052 Plauto
1402 4974 1442 5050 in
1466 4972 1734 5052 Menoecbmis:

1174 5184 1250 5256 Za
1303 5202 1325 5253 2
1711 5179 1831 5296 ,Liber
1905 5197 1913 5216 ·
