4566 6062
462 385 549 497 349
739 379 1681 505 ..rnrrournnreurrnrrsr
1891 393 1979 507 330

406 496 510 597 gibus
536 497 710 573 ostendere
736 521 916 601 promtum
938 505 1051 581 foret:
1073 505 1169 606 quod

407 599 727 699 profeilb'minuit
752 604 855 682 decus
881 611 1061 686 Romanae
1086 635 1168 710 gen·

408 701 489 791 tis,
529 701 614 775 dum
648 703 757 780 obliti
792 705 827 780 se
866 707 1030 785 homines
1064 710 1167 802 elic,

407 803 680 897 tanthlfaevitie
705 807 745 882 in
771 808 933 886 homines
960 811 1012 886 fui
1039 810 1167 886 ssmiles

408 902 722 985 debaccharentur.
749 915 868 1006 Quare
892 915 1028 989 ludicra
1049 915 1168 1011 potius

407 1005 599 1100 videatur,
625 1008 775 1087 fortaffis
814 1014 923 1090 etiam
960 1015 1167 1116 figmentum

408 1125 590 1208 reputetur
625 1111 842 1217 Inscriptio,
878 1143 985 1218 quam
1022 1122 1170 1194 Anxure

1275 506 1313 580 in
1333 532 1417 604 agro
1437 505 1610 580 deteflam
1634 505 1739 582 refert
1757 505 1929 598 Iohannes
1960 509 2040 584 l’io·¹

1274 606 1347 682 rius
1364 608 1573 682 Valerianus
1592 612 1630 684 in
1648 609 1938 707 Antiquitatibus
1959 612 2041 683 Bel·

1275 707 1494 801 lunensibus,
1521 737 1735 809 quamquam
1756 712 1923 785 fabretus
1947 713 2038 810 Cap.

1280 835 1336 886 ιο.
1362 837 1459 886 num.
1489 817 1573 910 238.
1600 840 1664 887 ex·
1685 812 1808 887 eodem
1846 810 2038 891 Valeriano

1276 911 1387 1012 ipsam
1406 911 1539 988 rursum
1560 913 1749 1005 exhibeat,
1770 925 1882 1012 heque
1901 911 1943 986 de
1963 913 2038 1010 ejus

1278 1014 1441 1115 legitima
1457 1015 1597 1116 origine
1620 1015 1655 1090 sc
1680 1014 1841 1091 dubitare
1863 1013 2042 1088 ostendar.
2097 1107 2100 1112 Ι

741 1298 1012 1376 curamus
1050 1296 1371 1374 nsruruns
1411 1298 1713 1374 commorat

1019 1451 1183 1526 cans.
1225 1449 1447 1524 uersor.

399 1705 407 1712 .
574 1601 703 1693 Qvo
735 1607 911 1680 Nnnuo
950 1603 1223 1680 mouerent
1257 1601 1579 1679 nnncmvs
1613 1581 1881 1680 nonarstr

512 1751 776 1852 ovoon
816 1725 1187 1834 serenorum
1228 1755 1509 1830 svonvm
1548 1713 1944 1830 snnv'trx‘rn

802 1981 808 1991 ,
943 1910 1128 1982 monn
1168 1907 1512 1980 nvunnnnr

760 2056 1146 2136 trocuvrnnr
1189 2055 1458 2132 nestum.
1495 2059 1707 2156 cunin,
1783 2155 1788 2164 ,
1849 2048 1857 2058 ’

920 2209 1215 2286 rosreurs
1255 2211 1538 2286 1uscn1ur
1966 2171 1972 2183 ’

796 2365 910 2437 arx.
946 2367 1090 2440 nun.
1127 2361 1273 2437 nvn.
1308 2367 1364 2438 M.
1401 2365 1473 2437 rx.
1510 2365 1556 2438 n.
1593 2367 1665 2438 x1.
1734 2361 1744 2376 ·

409 2533 584 2610 Romanis
609 2537 647 2611 in
675 2539 790 2640 Regni
818 2541 938 2614 Italici
958 2540 1171 2618 dominatio.
1213 2541 1256 2630 Β,
1281 2540 1511 2639 Reipublicae
1531 2539 1688 2612 Minillri
1704 2539 1737 2612 fe
1752 2537 2045 2636 interponebant,

412 2659 458 2708 ne
479 2634 662 2714 sueceffere
679 2639 824 2739 gentes,
843 2643 888 2715 ab
906 2661 1067 2716 extremo
1086 2645 1186 2716 Ger·'

384 2737 551 2812 ‘maniae
578 2743 836 2837 Septemtrione
864 2741 1063 2839 profestae.
1091 2745 1171 2812 Bae·

413 2838 511 2908 baras
537 2838 672 2910 eafdem
700 2865 765 2910 nos
790 2844 966 2936 appellare
991 2837 1171 2912 consuevi·

413 2958 514 3008 nnus:
545 2933 601 3008 sed
628 2936 767 3030 hercle,
786 2939 880 3036 quod
900 2939 1007 3012 estad
1027 2944 1173 3028 Servos,

405 3033 619 3118 ‚mitioribus
646 3064 724 3137 erga
753 3068 811 3114 eos
839 3041 996 3114 moribus
1017 3040 1173 3116 'barbari

411 3135 469 3215 illi
499 3138 648 3213 Domini
674 3143 883 3218 utebantur.
909 3140 1076 3216 Verberare
1102 3149 1171 3216 Ser·

392 3265 522 3329 „vom
548 3268 586 3313 ac
610 3241 752 3316 vincellis
775 3242 822 3322 n&
841 3271 927 3342 opere
951 3255 1080 3326 eoiroere
1095 3297 1107 3334 ,
1122 3273 1171 3318 ro

409 3365 506 3415 rnna.
533 3343 674 3414 Occidere
694 3345 818 3438 solent,
847 3373 908 3418 non
928 3345 1100 3442 discipline
1126 3344 1175 3426 ψ’

414 3569 510 3633 rum,
537 3545 631 3639 nisr,
654 3553 738 3644 qood
764 3551 913 3648 imponi.
941 3553 995 3622 Ita
1014 3551 1085 3650 jam
1113 3548 1175 3624 suo

413 3661 575 3744 tempore
602 3646 775 3723 scrihebat
800 3653 844 3724 de
870 3649 1020 3722 Moribus
1043 3657 1173 3722 Germe·

414 3771 524 3818 norum
550 3748 700 3824 Tacitus
727 3755 815 3848 Cap.
850 3777 909 3845 25·
934 3751 1035 3844 Quid
1063 3755 1175 3851 postea

416 3843 549 3920 fabium
578 3867 704 3946 putes,
733 3853 792 3927 ubi
833 3852 1031 3927 Christiani
1071 3852 1175 3928 disci·

417 3947 517 4045 plinh
541 3949 695 4042 imbuti,
722 3955 1023 4030 mansuetudinem
1044 3955 1176 4028 didice-

407 4073 455 4120 re
482 4067 589 4150 atque
614 4053 899 4150 humanitatem,
927 4059 946 4130 l
973 4056 1114 4133 Christo
1142 4085 1175 4132 e·

419 4148 540 4250 jusque
565 4158 747 4252 Apollolis
783 4179 965 4260 tantopere
999 4157 1177 4260 depraedi-

418 4253 561 4366 catam?
589 4253 636 4332 Et
661 4259 700 4334 io
728 4263 884 4362 pluribus
911 4261 1054 4362 quidem
1081 4265 1177 4337 Con·

419 4353 514 4428 taliis
540 4356 705 4434 statutum
741 4366 808 4456 eil,
847 4363 1156 4436 excommunicationi
1169 4417 1179 4453 ,

417 4456 476 4526 vei
509 4460 722 4552 poenitentiae
762 4467 885 4537 biennii
920 4465 980 4559 effe
1006 4463 1178 4560 subiicien-

416 4559 523 4648 dum,
548 4561 607 4658 qni
641 4568 777 4635 Semnan
813 4567 973 4662 proprium
1006 4567 1077 4652 sine
1111 4591 1178 4638 con·

290 4708 293 4716 ·
411 4660 550 4752 folentini
566 4660 699 4753 judicis
724 4667 886 4744 occiderit.
929 4673 1054 4764 Neque
1094 4668 1177 4740 lice·

363 4793 368 4804 ’
417 4763 478 4838 bat
505 4767 649 4842 Servum
676 4765 720 4841 acl
753 4766 943 4844 Eccleham
970 4769 1173 4868 confugien-

412 4881 487 4940 tem
513 4862 629 4944 llatim
655 4869 746 4948 inde.
775 4869 937 4967 pervim
965 4871 1172 4960 extrahere,

413 4968 469 5042 uti
497 4969 739 5070 Liutprandus
764 4973 848 5050 Lib.
870 4971 905 5048 6.
934 4977 1029 5080 Lege
1055 4999 1116 5072 90·
1137 4997 1172 5044 e.

1281 2663 1321 2712 ut
1349 2639 1476 2712 misero
1512 2639 1654 2710 veniam
1679 2665 1718 2711 ac
1745 2663 1866 2738 pacem
1893 2637 1984 2735 apud
2010 2661 2046 2709 e·

1282 2741 1335 2839 jus
1365 2736 1561 2810 Dominum
1596 2738 1846 2832 impetrarent.
1884 2735 1921 2807 si
1959 2741 2050 2808 verb

1281 2839 1518 2935 mancipinml
1555 2837 1603 2912 se
1627 2837 1765 2938 fugiens
1800 2837 1959 2910 Dominus
1995 2835 2049 2926 se·

1282 2961 1398 3038 quarm
1425 2935 1592 3032 inviraffer
1618 2941 1652 3010 in
1676 2962 1778 3036 paee,
1804 2957 1842 3009 nr
1867 2939 2051 3008 redderetur

1283 3042 1317 3112 in
1339 3040 1478 3138 georio,
1506 3040 1554 3120 (γ’
1586 3039 1690 3138 polea
1716 3039 1956 3232 Dominnrffpro
1980 3035 2048 3134 ipso

1282 3146 1375 3238 culpo
1410 3141 1445 3212 in
1480 3163 1549 3212 eren
1586 3140 1769 3213 vindifiam
1800 3140 1957 3232 dedier,
1991 3137 2047 3212 vi·

1284 3244 1378 3363 giuti
1406 3243 1537 3362 solidis
1574 3244 1812 3318 multabatur.
1848 3246 1948 3316 Haec
1975 3244 2046 3314 Ro·

410 3442 585 3536 fecerisne
602 3499 613 3532 ,
633 3445 693 3538 [ed
718 3448 836 3546 impetn
858 3446 907 3527 (φ’
927 3448 978 3518 ira
1003 3472 1041 3520 nr
1066 3449 1173 3520 inini-
1209 3431 1242 3502 C
1285 3345 1594 3520 tha(riesteiiimLetitei
1614 3369 1872 3522 2liiinanorum
1906 3463 2045 3542 tempo·

1285 3547 1407 3633 ribus,
1434 3547 1485 3622 ita
1510 3549 1546 3620 lit
1573 3549 1831 3638 Barbarorun't,
1867 3543 1966 3620 Servi
2002 3569 2043 3618 ac
2080 3543 2107 3620 ’.
2254 3559 2255 3562 ’

1286 3649 1453 3724 Ancillae
1471 3675 1543 3722 non
1570 3649 1664 3724 secus
1682 3677 1722 3725 ac
1749 3647 1894 3749 pecudes
1915 3661 2045 3719 venum

1286 3752 1577 3854 exponebantur,
1603 3754 1637 3824 oe
1665 3750 1703 3826 in
1731 3753 1882 3826 aliorum
1920 3749 2049 3822 Domi·

1287 3881 1413 3928 norum
1442 3855 1498 3953 jus
1522 3851 1841 3946 transferebantur.
1872 3856 1919 3925 Et
1947 3845 2049 3924 frenel

1288 3956 1351 4055 qui
1377 3958 1483 4030 boves
1519 3971 1579 4028 aut
1619 3981 1728 4050 equos
1768 3956 1949 4042 vendunt,
1989 3977 2048 4026 eos

1289 4085 1361 4131 non
1388 4057 1536 4131 vitiatos
1558 4056 1688 4131 emtori
1709 4059 1901 4156 praeliant,
1929 4055 1981 4128 ita
2006 4053 2050 4126 cle

1289 4157 1485 4258 Mancipiis
1510 4155 1672 4234 fabium.
1701 4165 1742 4234 ln
1779 4157 1941 4235 formulis
1976 4155 2050 4256 eju·

1290 4260 1402 4336 fmorli
1423 4260 1690 4354 contrabiuum,
1710 4262 1772 4360 qui
1792 4262 1932 4336 chartae
1953 4281 2050 4333 corn·

1291 4363 1571 4450 menclabantur,
1597 4389 1669 4438 non
1696 4363 1790 4439 secus
1825 4381 1931 4462 atque
1967 4385 2050 4434 cun·

1290 4465 1423 4540 traiius
1449 4463 1587 4539 aedium
1615 4482 1676 4541 aut
1709 4493 1894 4566 agrorum,
1931 4461 2050 4536 alfere·

1292 4568 1352 4640 bat
1378 4563 1543 4640 venditor
1577 4568 1715 4642 tradil
1751 4567 1784 4644 fe
1820 4569 1926 4643 illum
1962 4569 2052 4637 Ver·

1291 4693 1372 4758 nam
1411 4663 1482 4742 five
1516 4673 1690 4762 Servum,
1731 4697 1792 4742 non
1823 4671 1952 4762 jurem,
1988 4683 2051 4737 non·

1284 4770 1487 4862 fingieiurnn,
1514 4797 1576 4843 non
1602 4772 1752 4844 cadivum
1778 4771 1895 4868 (idest
1930 4795 1993 4841 non
2018 4794 2051 4838 e-

1287 4871 1494 4971 pilepticum)
1522 4899 1587 4947 nec
1607 4875 1711 4946 nfinne
1733 4875 1852 4947 vitium
1876 4874 1911 4944 in
1932 4871 1968 4963 se
1992 4870 2052 4942 bo·

1289 4976 1434 5065 benten,
1464 4973 1538 5061 five
1562 4996 1662 5048 mente
1688 4973 1737 5056 &¹
1760 4999 1878 5076 corpote
1907 4973 2051 5065 sanum.

417 5067 538 5147 lixit:
565 5103 639 5176 quo
664 5075 743 5154 casu
767 5095 830 5155 ast
855 5076 1085 5170 Sacerdotes,
1105 5081 1205 5182 ,auti
1289 5077 1387 5180 Lege
1412 5092 1531 5156 tamen
1569 5079 1628 5156 16.
1662 5078 1698 5152 ἃ
1736 5101 1798 5178 7²·
1834 5071 1957 5153 Caroli
1984 5073 2053 5145 M.

1907 5175 2002 5252 inter
