4594 6070
341 348 435 454 obp

630 347 1118 436 DISSERTATIO
1177 343 1586 436 UNDECIMA.

1783 381 1867 460 προ

287 458 474 538 aionem.
509 464 630 564 Aequi
665 491 738 540 non
773 463 1053 540 desiderabantur
1095 465 1129 538 A
1165 463 1360 556 Beneficium
1386 467 1430 538 θ’
1456 472 1610 540 Honorem
1632 469 1791 560 perdunt.
1828 465 1928 538 Simi-

1165 567 1242 640 litet
1275 565 1380 654 &fi
1414 569 1504 660 Bnffi
1530 565 1643 664 (idest
1678 565 1806 666 vaffi)
1832 565 1931 654 eculei

1165 667 1224 762 boe¹
1253 695 1316 740 non
1350 670 1620 767 adimpleverint,
1654 666 1850 758 Beneficium
1884 666 1932 738 (θ’

1169 775 1324 842 Honorem
1360 775 1521 867 pmcne.
1561 772 1611 840 Ec
1644 767 1701 862 qui
1735 765 1932 859 Beneficium

1169 875 1303 958 nclitum
1328 897 1392 944 non
1417 869 1585 958 munic,
1620 870 1762 942 mmmm
1795 867 1933 956 nostum

1162 971 1298 1063 sohar.
1335 975 1438 1068 Quae
1473 969 1643 1071 postrema
1669 969 1778 1042 uerba
1811 965 1933 1060 idem,
1986 1009 1992 1024 ·

1169 1073 1265 1171 quod
1300 1091 1403 1148 antea
1436 1068 1636 1173 proposui,
1674 1094 1750 1142 non
1786 1064 1934 1144 obscure

287 567 436 654 Lenoles,
472 567 601 666 quibus
637 568 777 640 nullum
805 566 918 642 adhuc
944 571 1055 642 Bene·

290 663 415 742 ficium
450 669 471 741 b
509 673 603 768 Rege
639 668 810 744 traditum
845 666 980 758 fuerat,
1015 687 1055 742 ut

291 784 390 868 patet
416 796 460 842 ex
487 767 571 846 Lib.
598 795 634 866 4
662 772 750 870 Cap.
780 791 813 863 5.
840 770 950 870 Legis
969 769 1052 860 ‚Wi-

291 868 532 969 figotborum,
552 870 613 944 ubi
633 869 717 944 baec
738 869 930 946 habentur:
959 873 1057 966 ⁸Quod

284 970 319 1058 fi
344 972 427 1042 inter
451 973 574 1044 Leuoies
598 971 781 1068 quicumque
798 1001 851 1046 nee
868 975 971 1070 Regis
992 980 1054 1045 Be·

291 1071 417 1162 reficiir
439 1073 565 1168 aliquid
588 1071 816 1170 consequutus,
847 1074 909 1167 sed
942 1075 978 1146 in
1003 1103 1055 1146 en·

289 1173 506 1269 proditionibus
544 1173 755 1266 constitutur,
790 1179 830 1248 cle
863 1175 969 1250 labore
996 1176 1057 1269 suo

290 1273 420 1370 aliquid
442 1275 647 1371 nequiſsent:
680 1277 778 1349 tertia
808 1299 886 1373 porr
919 1279 965 1350 ool
995 1298 1056 1375 po·

1169 1171 1410 1250 confirmant:
1448 1173 1588 1248 scilieet
1615 1169 1743 1246 Vaffos
1774 1193 1849 1248 neu
1872 1167 1935 1248 ‘de-
2025 1228 2030 1263 ,

1167 1272 1291 1368 luisse,
1326 1276 1462 1352 honore
1497 1271 1650 1371 Voffntice'
1684 1268 1861 1362 fruentes,
1895 1269 1934 1344 bt

289 1393 369 1446 trem
391 1377 590 1471 perueniat:
614 1381 704 1450 duus'
723 1397 829 1449 autom
845 1377 957 1468 filius,
999 1381 1058 1475 qni
1105 1371 1134 1444 Β
1170 1376 1279 1478 Regis
1312 1377 1488 1468 famulos,
1523 1373 1683 1452 nondum
1708 1389 1832 1448 tamen
1856 1371 1936 1455 ulio

288 1475 451 1549 loboravit
462 1530 473 1566 ,
486 1479 660 1550 ‚utineam
689 1482 815 1577 Neque
834 1483 857 1548 ei
884 1479 984 1573 Vaffis
1002 1479 1056 1554 di·

290 1574 379 1650 versu
405 1573 501 1650 fuere
526 1577 780 1668 Antruflioncs,
806 1577 845 1652 in
873 1583 970 1680 Lege
996 1585 1054 1681 Sa·

290 1675 363 1749 lica
403 1678 621 1752 memorati.
664 1678 860 1753 Marcullus
899 1683 983 1756 Lib.
1025 1685 1055 1756 1.

267 1780 459 1861 „Formula
490 1783 547 1854 18.
575 1781 615 1850 dc
650 1781 752 1876 Regis
775 1781 990 1870 Antruliione
1014 1780 1054 1856 in

289 1875 376 1952 haec
403 1879 509 1954 verba
535 1882 720 1977 loquitur.
755 1883 892 1954 Rullum
918 1883 981 1973 esi,
1017 1907 1055 1956 ut

288 1979 347 2077 qui
386 1981 483 2052 nobis.
503 1979 612 2072 fidem
647 1983 838 2078 pollicentur
877 1985 1053 2079 inloesm,

289 2080 405 2165 noslro.
423 2103 573 2153 tueantur
606 2083 748 2156 aurilio.
791 2091 840 2156 Et
879 2087 956 2182 quio
997 2087 1055 2158 illc

288 2180 418 2252 Fo'doto's
443 2187 512 2252 Deo
542 2184 679 2278 propitio
715 2187 814 2271 noster
847 2189 983 2258 venium.
1007 2189 1055 2260 ihi

1170 1477 1352 1554 Beneficio
1391 1479 1568 1552 donatos.
1609 1479 1720 1552 Nunc
1751 1498 1836 1572 erge
1870 1469 1936 1588 do:

1170 1577 1362 1656 &iffimum
1390 1577 1610 1679 Bignonium
1637 1573 1843 1664 audiamus,
1870 1595 1936 1670 qur

1169 1678 1209 1753 in
1246 1680 1357 1755 Notis
1393 1680 1434 1752 ad
1471 1705 1581 1776 nuper
1616 1675 1798 1751 laudatum
1834 1675 1937 1748 Mar·

1170 1778 1304 1855 culfum
1324 1779 1448 1856 scribit
1467 1776 1623 1870 Beneficii
1641 1777 1765 1848 nomine
1782 1802 1820 1848 ea
1840 1794 1937 1870 proc·

1169 1881 1229 1954 elio
1251 1882 1365 1974 dille,
1400 1908 1480 1979 qnae
1500 1901 1564 1977 pro
1587 1877 1726 1973 servitiu
1749 1875 1889 1948 militari
1912 1877 1939 1948 ui

1146 2029 1147 2056 ;
1169 1991 1281 2080 Rege,
1300 1981 1377 2069 seue
1400 1985 1498 2056 etiem
1522 1983 1573 2058 ab.
1589 1980 1696 2070 eliis,
1729 1977 1937 2052 concedeban-

1170 2102 1244 2174 tur,
1270 2109 1353 2180 quoe
1375 2089 1492 2156 Fendo
1512 2079 1677 2182 polluitur
1699 2078 1812 2152 dieis:
1836 2079 1937 2152 Con·

1147 2204 1226 2260 ‘tra
1265 2183 1358 2258 mibi
1402 2183 1510 2258 iatius
1550 2179 1740 2258 excureiffc
1779 2176 1938 2254 creditur

290 2279 327 2351 in
367 2282 500 2353 Palatio
534 2283 633 2370 nostro
668 2310 733 2358 unu
772 2312 841 2356 eum
875 2289 1056 2360 Arimoniu
1084 2279 1130 2362 ¹C
1172 2312 1244 2360 uox
1272 2283 1472 2378 Beneficium
1502 2283 1564 2358 sub
1590 2279 1784 2356 Catulinae
1816 2277 1936 2378 gentis

281 2381 347 2476 stra
373 2380 408 2450 in
433 2410 531 2454 manu
565 2383 668 2472 nolito
702 2386 844 2476 Trullem
870 2389 915 2458 Θ
941 2388 1053 2482 fideli·

288 2501 388 2556 tutem
413 2485 503 2556 nobis
528 2484 621 2575 uisne
643 2485 686 2571 esl
710 2485 911 2580 coniurasse:
933 2509 1055 2587 propte·

290 2609 346 2656 reo
367 2605 425 2679 per
457 2586 649 2680 praesentem
680 2607 880 2683 praeceptum
912 2591 1052 2662 decerni·

291 2709 361 2756 meu
385 2712 422 2757 uc
441 2683 610 2778 jubemus,
636 2708 674 2758 ut
696 2690 842 2786 deinceps
866 2713 1055 2765 memoratus

292 2785 350 2856 r'lle
376 2785 410 2856 in
436 2813 562 2860 numero
578 2789 827 2878 Antrrdlionurn
844 2813 1053 2888 computetur.

291 2884 393 2970 Etſs
418 2887 490 2980 quis
518 2885 647 2978 fortnffe
671 2917 741 2960 eune
766 2893 938 2982 interficere
959 2917 1052 2990 proe-

285 2983 462 3076 erscrit,
498 2988 622 3056 nocuerit
641 2985 678 3078 se
702 2989 860 3082 wirgoldo
886 2993 946 3080 suo
975 2995 1052 3083 soli·

291 3083 345 3158 uls
373 3082 528 3174 sexcentis
561 3081 618 3178 effe
652 3089 863 3183 culpabilem.
899 3092 982 3164 Hoc
1008 3091 1055 3164 est

1172 2385 1350 2482 imperio.
1385 2389 1468 2460 Hoc
1503 2383 1571 2475 est,
1605 2407 1653 2456 eo
1673 2379 1824 2454 nemine
1846 2395 1936 2452 tunc

1171 2485 1354 2562 distinctos
1388 2478 1492 2560 fuiffc
1524 2481 1673 2574 fundos,
1689 2503 1858 2579 quorum
1895 2503 1936 2552 u·

1171 2585 1327 2662 liububbu
1354 2615 1399 2662 ex
1427 2585 1645 2662 conceffione
1671 2578 1825 2656 Domini
1854 2579 1936 2678 qui·

1170 2687 1292 2787 squam
1327 2687 1412 2763 dum
1437 2689 1606 2778 uiueret,
1641 2681 1872 2785 perfruiturus
1899 2707 1937 2756 e.

1171 2807 1255 2882 rat,
1290 2789 1478 2892 praecipue
1501 2787 1548 2864 ob
1574 2783 1762 2862 seruitium
1788 2779 1936 2858 bonori-

1170 2889 1305 2984 ficnm,
1330 2911 1393 2968 aut
1417 2888 1714 2976 oeconomicum,
1748 2900 1810 2960 aut
1835 2881 1936 2958 mili.

1171 3011 1268 3083 tare,
1302 2993 1453 3068 dominu
1476 2989 1577 3068 fundi
1605 2987 1830 3094 praestitum,
1863 2982 1938 3062 fiuc

1173 3091 1432 3189 praeliandum.
1460 3097 1583 3190 ltaque
1612 3093 1726 3190 prima
1750 3087 1858 3166 notio
1874 3113 1938 3163 ve·

276 3208 442 3285 poenam
471 3184 581 3286 triplo
598 3186 800 3285 majorem,
827 3191 934 3288 quim
960 3189 1055 3264 occi·
1097 3193 1149 3264 D¹
1172 3205 1287 3264 terum
1315 3189 1545 3282 Bemficiorom
1570 3191 1655 3264 haec
1681 3189 1780 3282 fuit„
1806 3188 1937 3266 uideli-

292 3284 377 3360 dens
404 3283 585 3360 bominem
612 3288 829 3387 ingenuum,
858 3289 1054 3388 persoluat.

343 3386 405 3462 ud
446 3385 611 3478 Beneficia
653 3389 761 3464 uenio
805 3389 868 3466 sub
910 3389 1054 3467 vetustis

293 3493 507 3562 francorum
537 3488 691 3588 Regibus
716 3488 867 3567 usitata.
894 3495 994 3570 Haec
1019 3519 1054 3569 e·

291 3588 381 3664 tiam
409 3595 569 3662 Honorum
604 3591 753 3666 nomine
784 3589 943 3686 donata,
980 3599 1054 3670 Du·

293 3695 370 3766 Can
398 3690 451 3764 ius
477 3691 754 3770 animadvertit.
783 3698 909 3793 Neque
935 3723 1054 3771 exem·

291 3792 350 3890 plo
370 3716 515 3884 iesum,
542 3819 633 3891 quae
657 3795 752 3869 idem
781 3795 980 3896 persuadere
999 3796 1055 3873 ui·

291 3890 438 3968 dentur.
463 3897 638 3970 Attamen
663 3899 869 3995 plerumque
894 3905 1055 3972 Honorum

293 4018 384 4069 voce
424 3991 615 4092 defignatas
653 4024 733 4072 reor
774 3997 978 4100 Dignitates
1017 4002 1052 4074 ἃ

1173 3307 1230 3362 cet
1272 3289 1325 3386 jus
1364 3289 1404 3363 in
1444 3289 1685 3389 acquirentem
1724 3290 1937 3368 translatum

1174 3387 1374 3490 perfruendi
1410 3390 1553 3486 praedio
1578 3389 1735 3480 tradito,
1769 3387 1854 3464 dum
1880 3391 1938 3464 ui.

1174 3509 1211 3566 ta
1236 3515 1356 3566 comes
1380 3491 1485 3565 effer.
1512 3495 1636 3587 Atque
1661 3487 1746 3562 baec
1771 3487 1847 3586 ipsa
1872 3515 1936 3564 no.

1173 3591 1230 3668 tio
1272 3591 1313 3667 in
1354 3589 1526 3684 Beneficiis
1563 3587 1787 3678 Ecclefiassieir
1827 3591 1939 3663 Clero

1174 3693 1318 3770 collatis
1368 3695 1536 3788 erdurat,
1573 3718 1656 3768 nam
1692 3715 1737 3766 cx
1773 3715 1845 3788 quo
1872 3687 1940 3764 Ee·

1173 3793 1302 3870 reficio
1342 3721 1449 3886 lunt,
1489 3792 1681 3870 secnndbm
1719 3793 1815 3892 leges
1860 3789 1940 3868 usu·

1172 3895 1322 3973 sicubius
1348 3922 1471 3972 corum
1489 3897 1509 3970 b
1528 3894 1698 3986 clerieo,
1722 3891 1807 3968 dum
1831 3889 1863 3968 is
1881 3893 1939 3968 vi·

1172 3997 1254 4090 rit,
1279 3996 1408 4074 auferri
1433 4025 1506 4073 non
1534 3995 1669 4098 potest,
1704 3991 1769 4068 nib
1804 3992 1844 4068 in
1870 3992 1940 4070 cri-

293 4093 425 4170 Officia
452 4093 670 4186 honorifica,
698 4117 783 4200 puta
809 4099 1055 4192 Marehionis,
1102 4095 1132 4166 E
1174 4125 1255 4174 men
1281 4101 1462 4190 incurrat,
1499 4117 1643 4198 propter
1678 4095 1773 4194 quod
1800 4093 1939 4171 Benefi-

293 4195 477 4288 Comitis,
513 4197 704 4292 Castaldii,
741 4201 875 4292 Iudicis
910 4204 977 4276 bec.
1014 4207 1054 4275 In

292 4297 473 4376 Ludouici
498 4298 553 4374 Pii
568 4305 666 4402 Lege
682 4303 904 4404 Langobard.
924 4307 1056 4377 xx1v.

293 4399 334 4472 Si
358 4401 438 4472 liber
472 4401 559 4473 bomo
584 4424 642 4474 out
668 4404 899 4492 Mimijlerr'olit
923 4405 1057 4478 Comitis

293 4501 349 4572 boc
370 4499 505 4590 feeerit,
542 4509 699 4576 Honorem
724 4509 976 4605 qualemcumque
1000 4508 1077 4580 ha.»

292 4602 423 4694 buerit,
457 4601 532 4687 siue
572 4604 766 4695 Beneficium
806 4613 961 4682 emittet.
1002 4614 1056 4681 lta

292 4705 444 4777 Catulum
472 4707 625 4806 Magnus
651 4707 688 4780 in
787 4707 1055 4810 eLangobard.

291 4805 355 4878 lx.
383 4803 427 4879 dc
452 4804 636 4895 Judicibus
661 4809 697 4882 be
723 4813 758 4884 A
786 4811 949 4902 vocatis,
984 4837 1055 4884 nun

291 4905 546 4982 adducentibus
568 4910 610 4980 de
636 4909 723 5000 insto
748 4909 981 4985 immunitatem
1007 4913 1056 4984 la·

290 5007 1056 5108 mmssnfflfflwmmm,

1173 4199 1233 4274 cio
1252 4199 1453 4300 spoliandus
1472 4199 1618 4274 veniat.
1637 4191 1834 4272 Clariffimi
1852 4199 1941 4272 Mo·

1171 4299 1279 4376 nacbi
1324 4297 1562 4376 Benedibiini·
1591 4303 1612 4376 ὲ
1650 4297 1940 4398 congregatione

1172 4402 1294 4478 sonui
1328 4399 1479 4494 Mauri,
1519 4405 1685 4477 Martcne
1709 4401 1755 4488 ,be
1791 4399 1939 4474 Dcuauei

1172 4507 1283 4579 Tum.
1318 4507 1347 4581 1.
1386 4521 1496 4580 veter.
1532 4503 1701 4604 scriptor.
1736 4525 1814 4602 pag.
1853 4523 1941 4596 115.

1174 4609 1403 4708 Praeceptum
1430 4603 1597 4682 Letharii
1627 4609 1654 4678 i.
1681 4601 1832 4704 Augusti
1859 4627 1941 4702 pro·

1171 4705 1326 4802 lerunt,
1367 4710 1479 4782 Anno
1521 4706 1816 4781 ucccxuvu.
1855 4701 1940 4778 seri·
2016 4795 2024 4802 α

1171 4825 1298 4906 ptum,
1333 4807 1378 4886 in*
1410 4833 1483 4907 quo
1518 4805 1549 4882 is
1587 4808 1760 4908 Rotgario
1796 4802 1938 4879 cuidem

1170 4910 1315 5002 Laico,
1348 4907 1570 4996 Minislericli
1607 4907 1770 4998 Mutfridi
1803 4901 1940 4988 illustris

1170 5011 1334 5104 Comitis,
1360 5007 1525 5084 concedit
1550 5011 1587 5083 in
1610 5015 1705 5102 Pago
1727 5003 1936 5180 Ribegmse,

1759 5132 1795 5178 m
1850 5131 1886 5178 o·
