4594 6070
316 407 403 518 ‘273
566 389 1079 488 orsaorrnrro
1147 385 1580 484 onoratur:
1750 396 1839 514 syo

258 519 356 606 iesiiis
383 515 564 614 implicare.
589 523 691 590 Nemo
716 541 766 586 eos
790 539 937 612 umquam
956 539 1025 584 con·
1063 519 1093 590 A
1126 509 1200 606 jam
1224 511 1321 586 diiiis
1350 512 1514 610 persolvat
1547 505 1763 592 Concivibue.
1798 519 1897 612 ,Quod

162 693 165 700 ,
250 621 423 717 stringor,
460 621 584 692 nussam
616 617 837 716 pullariorum
862 614 1026 713 quisquam
1132 633 1169 684 ur
1193 615 1303 686 uerius
1327 617 1473 688 credatur
1497 614 1543 684 Θ·
1567 633 1744 712 appareat,
1779 625 1805 688 S
1807 618 1897 714 egilii

258 726 302 794 ab
325 725 370 794 eis
395 723 505 818 erigar
518 727 538 812 ‚'
557 721 707 806 oscafione
731 719 834 792 banni
857 719 914 788 uei
939 716 1023 813 ripa·
1133 715 1229 802 nostri
1255 717 1397 814 imagine
1421 716 1548 814 presens
1575 715 1730 814 scripturn
1758 720 1897 817 precipi-

259 825 339 914 riei,
373 827 429 896 ves
464 821 604 912 alieuius
638 822 718 894 rasis
752 820 841 912 cause
879 821 1025 908 nomine,
1133 843 1202 888 mus
1227 816 1397 915 insigniri.

257 927 303 996 Θ·
326 925 381 996 boe
415 923 601 1008 nominarim
628 925 663 996 in
688 921 867 1012 Ferraria,
902 919 1027 1016 ejusque
1182 919 1307 992 Actum
1343 921 1377 990 in
1412 920 1496 1012 loeo,
1532 919 1589 1015 qui
1613 921 1789 992 Gubernoso
1814 949 1898 996 nun.

258 1028 418 1098 reerirorio
451 1047 624 1116 ueremur,
659 1025 792 1120 exeeptis
826 1020 939 1111 nostris
964 1029 1024 1094 Le·

256 1129 371 1226 gatis,
398 1129 454 1222 qui
476 1151 534 1223 per
558 1127 624 1198 soca
642 1126 831 1218 furientes,
858 1151 918 1222 que
939 1121 1027 1215 juris

261 1229 560 1322 &consuetudinis
579 1229 658 1322 suar
678 1228 783 1318 saone
809 1227 854 1296 (θ’
886 1225 1026 1321 exigere.

258 1337 431 1428 Antiquos
463 1331 562 1402 etiarn
597 1329 846 1420 Consuetudines
885 1325 1026 1398 incassat

1132 1041 1289 1118 cupatur,
1316 1021 1494 1093 indiiiione
1512 1019 1753 1117 suprascripta.

1183 1127 1278 1218 Ego.
1294 1176 1303 1194 .
1319 1177 1327 1195 .
1344 1177 1353 1196 .
1376 1123 1442 1194 Dei
1455 1124 1569 1220 gratiss
1586 1123 1807 1195 Concessarius
1817 1122 1896 1216 snb.

1229 1223 1365 1320 [capp.
1484 1232 1488 1240 '

1183 1331 1258 1422 Ego
1283 1325 1480 1398 Guaenerius
1495 1331 1527 1418 J
1527 1327 1610 1398 udese
1631 1325 1735 1426 affui.

259 1434 305 1502 θ’
330 1431 438 1524 illesas
460 1453 608 1528 perpetuo
631 1431 820 1526 precipimus
842 1428 1025 1520 obseruari,
1063 1429 1090 1498 B
1184 1427 1396 1502 Praecedens
1416 1427 1549 1501 Charta
1570 1427 1720 1503 Henrici
1741 1431 1805 1503 lv.
1821 1432 1900 1504 Au.

257 1535 304 1606 θ’
325 1534 480 1630 pabulum
505 1536 600 1606 Silue
624 1537 647 1604 d
673 1535 768 1602 Pscbe
795 1531 908 1601 Biuda
931 1529 1026 1625 usque

258 1645 304 1710 ad
327 1635 490 1724 Paludes,
525 1635 652 1730 ejusque
677 1630 876 1725 adjacentias
902 1631 936 1702 in
962 1651 1026 1701 roto

259 1736 371 1810 Rheni
383 1737 489 1808 asueo
515 1737 600 1806 nibus
616 1733 687 1826 fiat
711 1732 832 1830 operis,
859 1759 918 1829 quo
933 1730 1025 1827 pejus

258 1833 457 1930 noviperur.
495 1837 712 1932 Negotiatores
745 1837 787 1906 de
812 1835 927 1926 Tuscia
946 1833 1021 1925 sub·

257 1958 307 2010 rer
323 1938 462 2024 stratam
489 1937 676 2034 negociandi
700 1935 810 2029 caussd
836 1961 897 2007 non
932 1957 1022 2007 tran·

252 2039 373 2133 scant,
407 2037 478 2124 nisi·
494 2041 618 2111 duabus
640 2059 841 2136 perannum
875 2037 1022 2128 vicibus,

259 2139 339 2228 idest
366 2143 410 2216 ad
435 2145 619 2214 Marsaeus»
640 2141 832 2230 olivarus»,
869 2139 914 2208 (9¹
938 2145 1031 2212 San·

260 2239 306 2312 err·
323 2237 494 2314 'Ma'rtini.
532 2245 595 2312 Pro
618 2259 735 2336 parata
755 2238 811 2331 seu
842 2239 948 2328 fodero
973 2241 1022 2309 ui·

1133 1528 1221 1629 gusti
1248 1529 1332 1602 huic
1353 1529 1458 1602 alteri
1485 1528 1592 1603 fidem
1612 1555 1737 1630 augere
1764 1533 1901 1628 potest:

1134 1637 1308 1704 Attamen
1344 1629 1423 1704 heic
1458 1627 1493 1704 se
1519 1634 1691 1705 nonnulla
1717 1633 1871 1707 offerunt
1886 1690 1900 1728 ,

1134 1729 1223 1830 quae
1248 1729 1482 1830 suspicionem
1518 1731 1683 1832 ingerant
1717 1759 1900 1808 commen·

1135 1833 1216 1906 titii
1244 1833 1488 1932 Dipsomaris.
1526 1839 1652 1934 Neque
1687 1835 1783 1908 enim
1819 1845 1903 1910 moa'

1136 1939 1390 2034 Imperatorum
1419 1935 1490 2009 suit
1515 1934 1555 2010 in
1581 1935 1651 2010 suis
1679 1935 1900 2036 Diplomatis

1136 2036 1360 2136 praemittere
1381 2040 1496 2111 Notas
1515 2036 1819 2140 chronologicas.
1846 2041 1902 2114 A.

1134 2138 1185 2214 lia
1225 2137 1318 2212 ratio
1356 2137 1404 2212 est
1438 2137 1593 2214 Chartae
1634 2139 1898 2240 praecedentis,

1135 2239 1174 2314 in
1201 2266 1269 2338 qua
1296 2241 1493 2338 Imperator
1519 2239 1574 2313 uti
1611 2237 1755 2340 persona
1783 2241 1903 2340 priva.

260 2359 315 2413 cra
338 2361 460 2414 erorum
485 2342 603 2414 Libras
637 2339 837 2412 denariorum
872 2345 1024 2410 Veronen·
1064 2333 1095 2404 C
1135 2339 1367 2414 redonavit.
1406 2343 1531 2437 Neque
1566 2338 1694 2414 titulus
1729 2339 1794 2414 isse
1820 2349 1904 2430 Cae-

253 2441 340 2530 fiurn
366 2469 428 2512 non
454 2443 648 2538 exigantur.
690 2447 740 2512 Et
774 2443 884 2512 nuilus
917 2449 1026 2512 Comes

259 2569 361 2616 eorum
386 2544 518 2614 Coionor
537 2544 594 2636 seu
619 2542 799 2638 inquilinos
820 2565 878 2638 pro
903 2544 1024 2640 allega·

259 2646 341 2734 riis,
365 2647 459 2742 'qued
484 2642 755 2731 Nsanfionaeicurr
777 2644 927 2734 'desinon
960 2669 1022 2716 nso·

261 2745 372 2834 saliare
396 2749 537 2820 audeat.
574 2753 648 2841 Quo
682 2765 816 2842 rempore
850 2745 886 2816 in
922 2743 1026 2832 nolito

262 2869 354 2920 erune
377 2849 603 2948 cripedirione',
629 2849 723 2920 n'srssa
747 2848 788 2918 de
812 2872 845 2918 re
867 2844 1026 2940 perdicium

262 2949 308 3021 ais
331 2949 404 3044 pati
428 2951 597 3036 cosumus,
624 2947 687 3030 nisi
711 2946 791 3042 quid
809 2946 926 3016 ibidem
947 2975 1023 3020 eorn-

261 3049 431 3140 miserint.
467 3053 534 3118 Her
568 3047 674 3118 omnia
704 3066 762 3139 pro
796 3063 899 3114 tenore
927 3046 1028 3140 supra

261 3148 483 3245 descripto-in,
503 3157 686 3243 perpetuum
720 3143 866 3230 custodiri
898 3145 1025 3217 deman·

1129 2442 1188 2534 sar
1221 2439 1389 2538 Augustus
1424 2439 1686 2514 Cancellariam
1722 2443 1798 2516 olet
1823 2448 1903 2518 Au·

1137 2541 1312 2642 gustorum
1349 2539 1449 2616 illius
1476 2541 1580 2614 aevi.
1618 2545 1743 2640 Neque
1768 2545 1903 2618 Amicos

1137 2643 1338 2742 appellasset
1364 2639 1543 2717 isenricus
1560 2642 1671 2716 Ciues
1698 2643 1903 2722 Bononien-

1137 2744 1214 2837 ses,
1250 2743 1314 2843 qui
1348 2770 1430 2818 eum
1466 2761 1507 2818 ut
1533 2743 1732 2818 Dominum
1760 2771 1904 2844 venera·

1137 2847 1283 2921 bantur.
1318 2848 1476 2920 Auem
1512 2849 1583 2918 non
1618 2845 1804 2940 abhorret,
1840 2869 1902 2926 aut

1137 2947 1392 3046 interpolatum
1438 2945 1538 3022 suiss'e
1583 2946 1754 3048 Dipsoma
1778 2977 1815 3043 ,ι
1841 2971 1902 3028 aut

1138 3047 1331 3119 eonfiiium
1358 3047 1495 3139 serius,
1521 3066 1641 3136 utres
1669 3067 1788 3126 tamen
1818 3079 1901 3130 vera

1137 3145 1328 3218 memoriae
1370 3147 1598 3242 proderetur.
1635 3155 1731 3224 Nam
1767 3153 1806 3226 in
1842 3181 1905 3232 eo.

261 3254 403 3326 domus.
437 3249 479 3322 ss'
512 3250 583 3344 quis
617 3252 692 3318 nero
731 3267 839 3326 sonora
869 3246 1029 3340 prefatum
1069 3241 1099 3308 D
1136 3245 1216 3318 dem
1233 3245 1388 3346 'Regesto
1415 3247 1568 3320 alterum
1594 3246 1663 3320 hoc
1690 3276 1903 3329 monumena

263 3353 363 3440 nqssre
387 3349 557 3426 oseirrernie‘
573 3346 756 3438 beneficium
775 3347 950 3436 ἀααηανὲιἸ
970 3349 1029 3416 uses

262 3455 317 3530 bos
338 3453 377 3526 r'rr
403 3453 517 3548 aliquo.
535 3449 712 3524 uiosoveric
726 3503 742 3539 ‚.
764 3461 886 3526 rentum
903 3448 1026 3521 'Libra-

264 3581 335 3630 currr
359 3554 443 3628 auri·
454 3551 613 3648 porriffrmi
635 3573 752 3645 poenrn
763 3545 949 3640 subjaceat,
975 3577 1024 3622 cu·

1135 3367 1212 3422 tum
1248 3343 1436 3436 succedit,
1475 3345 1571 3444 quo'd
1606 3373 1690 3422 uero
1726 3377 1766 3424 ac
1803 3376 1899 3430 certe

1134 3446 1377 3624 legipim‘itatis
1426 3445 1522 3548 signa
1566 3450 1758 3548 cornpseiii
1806 3453 1899 3532 mihi

1139 3568 1313 3624 crentur.

260 3655 319 3754 jos
341 3655 515 3730 dimidium
540 3653 652 3742 ordiris
670 3651 829 3746 seriniis,
854 3649 1026 3740 dimidium

373 3909 437 3992 De
467 3901 742 4016 offensionibus
772 3901 1012 3996 Communis
1043 3903 1247 3998 Bononiae
1276 3905 1438 3996 remissus
1467 3907 1517 3996 ab
1548 3913 1791 4027 Imperatore

782 4029 961 4116 Henrico
991 4031 1066 4148 IV.
1096 4037 1221 4116 Anao
1257 4043 1380 4114 1116.

315 4265 396 4342 Dens
419 4259 484 4358 ipse
504 4265 674 4359 imperaror
691 4262 809 4346 remise
827 4261 1028 4338 Bononien·
1063 4266 1093 4336 E
1131 4259 1306 4361 praediiis's
1331 4261 1439 4350 adfuit
1463 4265 1542 4356 Azo
1558 4259 1658 4354 filius
1674 4264 1828 4360 Arosis,
1855 4267 1900 4338 Ο·

340 4363 363 4438 ss
391 4365 529 4462 Populo
547 4389 666 4436 omnem
685 4364 902 4460 offensionem,
928 4391 1024 4463 maru
1136 4363 1304 4438 tibertinus
1321 4361 1420 4454 filius
1445 4363 1622 4455 Carbonis,
1659 4363 1704 4436 Θ·
1729 4367 1902 4440 Roiondus

265 4461 330 4558 ipse
354 4465 496 4560 Populus
519 4466 628 4562 aliquo
652 4471 742 4536 modo
760 4466 826 4550 firi
850 4465 1029 4553 cornnistr:
1135 4488 1228 4562 nepos
1262 4461 1356 4556 eius,
1393 4464 1438 4534 (θ’
1472 4469 1583 4536 Bonus
1615 4466 1656 4536 de
1681 4465 1818 4559 Teseno‚
1855 4469 1901 4540 Φ

266 4565 309 4634 0
332 4565 497 4662 praecipue
521 4573 678 4654 Rectam,
704 4593 784 4662 quae
808 4570 850 4642 ab
876 4569 941 4665 ipso
966 4575 1028 4640 Po·
1135 4565 1322 4660 Donusdeus
1330 4563 1430 4658 filius
1449 4563 1540 4663 ejus,
1567 4567 1611 4636 Ο·
1631 4569 1737 4638 Guido
1754 4571 1794 4640 de
1813 4574 1902 4642 Bea-

260 4667 338 4762 puio
371 4665 527 4753 deliruiia
556 4667 690 4758 fuerat,
727 4687 793 4740 tans
820 4669 881 4765 ipsi
905 4670 1027 4766 Populo
1133 4670 1217 4760 tric,
1252 4667 1298 4740 Θ·
1321 4673 1436 4738 Petrus
1472 4669 1513 4738 de
1546 4673 1670 4760 Leone,
1707 4670 1752 4739 θ
1785 4675 1902 4742 Petrus

264 4772 359 4864 quior
393 4769 562 4858 omnibus,
598 4768 671 4864 qui
688 4770 844 4842 assisium
875 4775 1026 4868 praebue·
1134 4769 1275 4844 Clericuss
1298 4771 1337 4842 de
1361 4770 1508 4842 Suasio.
1549 4775 1637 4840 Haec
1671 4771 1778 4844 omniu
1806 4769 1899 4860 faiia

264 4891 367 4944 rane.
408 4875 497 4942 Haec
534 4871 641 4942 onnia
676 4871 845 4967 impetrata
872 4873 953 4964 sesne
986 4874 1029 4946 ab
1128 4873 1208 4964 June
1232 4869 1470 4967 inpraesentia
1495 4870 1645 4944 Arduini
1672 4867 1746 4962 filii
1762 4869 1901 4940 'Guido-

266 4973 402 5046 Asbereo
427 4967 564 5065 crass»,
591 4973 637 5041 (9·
661 4977 766 5067 Ugone
789 4977 830 5046 de
853 4973 1027 5064 Ansasdo.
1135 4973 1209 5063 nis,
1245 4971 1287 5042 (9¹
1322 4972 1465 5044 Conradi
1498 4969 1660 5060 Comitis,
1696 4971 1741 5041 (θ’
1764 4969 1900 5040 Cornicis

265 5078 312 5148 Er
338 5077 383 5148 ad
407 5071 504 5170 hujus
537 5073 701 5170 Praecepti
735 5073 934 5170 receptionem
960 5101 1028 5148 eurr
1136 5073 1272 5148 Asberei
1288 5071 1362 5166 filii
1387 5071 1478 5160 Bofii
1489 5123 1503 5163 ,
1539 5073 1584 5142 (9¹
1607 5067 1793 5166 Pessuicini
1806 5121 1839 5241 ,t
1854 5069 1900 5142 0·

1237 5177 1261 5248 S
1312 5197 1336 5249 2
1726 5174 1823 5244 Caua
1836 5209 1854 5238 ι
