4594 6070
444 345 535 454 '²⁰7
723 335 1668 457 ·AN·TQU1T.ME1)11AEV1
1876 347 1965 442 208'

386 449 445 528 illi
468 448 670 548 eoneeffa'&
694 453 879 550 confirmata
897 459 997 550 sunt,
1017 456 1151 546 inresta-
1255 461 1307 532 bet
1331 463 1515 557 argumer'rto
1554 483 1660 536 eontra
1683 461 1738 534 boe
1763 460 1882 552 troslrae
1907 464 2024 556 eanfled

383 556 540 656 gabiliter
564 556 832 652 redintegrando,
857 559 912 631 boo
936 559 1035 646 noslro
1056 580 1150 656 prae·
1186 541 1222 612 Α
1257 561 1405 632 mationr's
1431 560 1584 632 Ediilum
1608 587 1700 660 agere
1717 567 1942 660 temptaverit,
1952 565 2022 662 sei·

387 679 471 756 oepto
496 659 625 751 turbem·
641 656 845 750 confirmare:
869 687 904 732 eo
927 661 1077 737 videlieet
1099 686 1147 730 or·

385 759 482 850 dine,
509 787 588 857 quae
612 759 845 859 proprietatio
873 762 1029 864 jurenilli
1050 788 1148 834 corro-

386 864 499 936 borata
516 861 622 954 sunt,
645 863 872 960 perpetualiter
893 866 1071 960 possideat,
1090 863 1145 954 sa·

386 963 508 1058 cietque
533 991 571 1033 ere
597 961 672 1058 ipsis
700 965 797 1036 libere
829 965 986 1063 quidquid
1019 964 1147 1061 elegerit

384 1086 452 1140 tam
479 1063 513 1136 in
531 1065 665 1156 ‚divinis
698 1067 860 1152 cultibus,
896 1073 992 1164 qubm
1018 1067 1051 1138 in
1086 1066 1145 1136 bu·

384 1164 490 1238 ruanis
514 1168 804 1240 cmmoditatibus.
831 1173 879 1238 Et
904 1194 984 1264 quae
1012 1171 1041 1238 ei
1071 1167 1145 1265 jure

384 1263 613 1355 beneficiario
631 1269 747 1344 collata
766 1267 866 1360 sunt,
885 1269 1059 1361 secundum
1072 1269 1145 1360 suo·

380 1392 453 1438 mm
473 1368 586 1458 seriem
610 1375 873 1466 Praeceptorum,
909 1372 1021 1470 absque
1047 1370 1145 1443 alicu·

377 1466 438 1567 jus
464 1469 694 1566 refragatione,
720 1473 776 1542 uel
792 1472 1035 1546 diminoratione
1059 1471 1146 1568 quie-

381 1587 416 1644 tt
435 1569 610 1667 possideat.
641 1577 691 1646 Et
719 1571 754 1660 fi
777 1573 849 1671 quis
876 1575 1010 1648 ulterius
1044 1571 1145 1674 quoli-

528 1860 534 1881 ι
1206 1849 1231 1900 u

569 1979 708 2078 Signum
732 1979 852 2057 Domni
876 1981 996 2058 Karoli
1065 1789 1323 2294 ψ
1382 1981 1585 2077 inperatorio
1609 1977 1775 2078 Augusti.

1168 1472 1229 1671 1⁸1

1256 661 1329 734 lieet
1355 661 1537 736 invadendo
1561 684 1619 735 aut
1655 665 1816 736 retinendo
1850 667 1962 764 absque
1987 693 2021 737 e·

1251 761 1378 856 jusdem
1400 763 1593 860 pormiffione
1627 765 1790 862 quiequam
1824 793 1861 836 ea
1890 767 2024 864 praedi-

1257 863 1317 934 rtis
1342 868 1458 956 retus,
1484 875 1635 937 ducentae
1669 867 1787 940 Libras
1810 867 1883 937 auri
1908 867 2020 964 oprimi

1257 988 1385 1062 cogatur
1420 965 1620 1062 persolvere,
1656 969 1855 1039 medietatem
1890 970 2024 1040 Palatio

1257 1065 1381 1156 noslro,
1408 1068 1452 1136 θ
1469 1069 1667 1142 medietatem
1685 1070 1786 1140 eidem
1807 1068 1941 1142 dileilae
1961 1075 1987 1140 S
1987 1095 2020 1139 o·
2134 1099 2136 1106 ’

1257 1168 1320 1236 rori
1345 1167 1484 1254 nubae.
1511 1173 1561 1240 Et
1585 1188 1623 1238 ut
1655 1169 1730 1242 bare
1764 1169 1878 1240 tertius
1911 1170 2022 1242 veriu-

1249 1268 1328 1364 sque
1353 1275 1517 1359 credatur,
1544 1297 1581 1344 ao
1605 1272 1647 1344 ab
1672 1269 1813 1343 omnibus
1847 1269 2023 1366 diligenter
2055 1299 2059 1306 ·

1255 1369 1453 1463 observetur,
1485 1396 1585 1442 mauu
1616 1372 1745 1467 propria
1770 1398 1806 1442 ea
1825 1371 1935 1464 subter
1951 1369 2019 1462 fir·

1254 1473 1439 1562 movimus,
1466 1472 1511 1542 (9·
1536 1472 1656 1548 Bullae
1680 1471 1801 1562 noslrae
1826 1473 2020 1570 impreffune

1256 1571 1405 1672 insigniri
1423 1571 1597 1671 suffimus.

431 2387 648 2463 fredebaldus
670 2391 891 2466 Cancellariuo
915 2393 962 2468 ad
984 2390 1084 2472 vitem
1107 2389 1272 2466 Liutberti
1287 2389 1576 2466 Arabicamellarii
1594 2355 1759 2484 recognovi
1775 2385 1819 2456 (ν’
1829 2383 2020 2480 subsoripfi.

1140 2539 1244 2615 Deest
1268 2541 1459 2640 Sigillum,
1485 2539 1580 2638 quod
1607 2555 1682 2610 erat
1708 2533 1917 2636 appensum.

433 2671 615 2765 Danant.
642 2693 720 2766 Idus
744 2691 892 2790 Augusti
918 2701 1025 2768 Anno
1057 2693 1290 2764 incarnationis
1325 2691 1459 2764 Domini
1491 2685 2022 2766 Dcccuxxxrlt.1ndiuian

388 2871 392 2878 ,
486 2796 528 2866 V.
552 2799 655 2866 Anno
679 2796 790 2890 Regni
815 2795 884 2890 esus
909 2801 987 2870 llll.
1013 2794 1272 2890 lupertianum
1300 2797 1357 2866 Vl.
1916 2853 1920 2860 .

428 2990 556 3068 netum
580 2991 743 3084 boslunoa
767 3001 865 3068 Curre
891 2997 1001 3095 Regia
1025 2996 1060 3070 in
1086 2996 1154 3072 Dei
1179 2993 1303 3068 nomine
1321 2994 1487 3086 solicitet.
1509 2999 1646 3092 Amnon.
1732 3029 1736 3037 Δ

427 3194 523 3270 Vide
545 3194 585 3270 in
604 3194 857 3272 Dissertatione
877 3201 995 3272 xvn.
1014 3200 1055 3272 de
1078 3199 1137 3271 Fi·
1180 3199 1230 3272 Cl'
1251 3150 1347 3298 quod
1372 3223 1466 3272 nnnc
1502 3195 1659 3297 protuli,
1695 3193 1867 3294 ejusmodi
1905 3196 2016 3270 bont>-¹

370 3296 424 3394 sce
458 3299 608 3372 uterum
645 3296 758 3374 limile
795 3299 985 3402 Diplome.
1023 3305 1063 3374 In
1101 3330 1136 3376 u·

374 3415 503 3500 troque
539 3397 706 3476 habemus
741 3421 965 3481 numeratum
1001 3407 1140 3477 Annum

250 3567 254 3574 .
377 3505 433 3575 ut.
462 3501 609 3604 Imperii
644 3505 770 3578 Caroli
806 3503 947 3601 Craffi;
983 3531 1027 3578 an
1055 3531 1138 3580 vero

372 3602 529 3694 nitiose,
565 3601 708 3680 consule
734 3632 823 3703 quae
849 3607 888 3680 in
915 3607 1139 3680 Differtatio·

375 3731 419 3778 ne
448 3708 546 3780 XLI.
571 3707 609 3776 de
635 3707 827 3778 Nominibus
862 3707 970 3782 attuli
998 3709 1040 3782 de
1067 3711 1138 3784 Co-
1171 3718 1173 3722 ’

374 3803 565 3880 sanatione
602 3809 763 3880 Romana
797 3805 950 3908 eiusdem
987 3809 1139 3886 Caroli.

377 3906 443 3980 Sed
479 3903 574 3978 hisce
609 3905 782 3999 dimiffis,
817 3909 1065 3986 uti'vidimue
1100 3912 1140 3986 in

1253 3325 1330 3374 rum
1357 3297 1537 3374 distinato
1560 3299 1599 3372 in
1621 3298 1747 3398 majori
1775 3299 1910 3372 lumine
1937 3300 2013 3370 col·

1253 3404 1410 3475 locatur.
1434 3401 1579 3474 Scilicet
1599 3399 1719 3498 inquit
1738 3399 1917 3498 Augustus
1934 3425 2016 3494 quae

1253 3501 1464 3597 Proprietario
1496 3501 1569 3594 jure
1605 3501 1658 3570 ilti
1687 3503 1878 3572 corroborata
1907 3500 2018 3590 sunt,

1248 3603 1474 3701 perpetualiter
1497 3603 1667 3698 possideat,
1689 3601 1849 3698 sociatque
1874 3629 1913 3672 eu
1938 3599 2016 3697 ipfit

1253 3707 1348 3778 libere
1375 3703 1533 3802 quidquid
1558 3703 1707 3798 elegerit.
1734 3707 1783 3774 Et
1808 3729 1888 3800 quae
1908 3703 1938 3772 ei
1961 3701 2020 3794 ju.

1254 3835 1285 3878 re
1312 3805 1525 3899 Benefiiiario
1547 3807 1662 3878 collata
1681 3805 1782 3898 sunt,
1820 3805 1923 3902 quieti
1946 3803 2020 3901 pos·

1246 3909 1380 3994 sedeat.
1407 3909 1502 3982 Heic
1528 3907 1637 3981 etiam
1665 3905 1933 3998 animadverte,
1960 3933 2017 3982 ae·

376 3997 600 4106 praeceienti
637 4011 850 4110 Diplomate
880 4014 900 4084 a
927 4039 983 4087 me
1018 4011 1139 4108 edito,
1251 4039 1319 4109 que
1361 4009 1504 4086 leminis
1544 4035 1584 4084 ac
1623 4007 1712 4082 viris
1752 4011 1883 4084 collata
1922 4006 2014 4081 olim

375 4106 557 4208 spellante,
589 4110 633 4186 ad
668 4117 817 4190 Annum
853 4118 1139 4194 Dcccuxxx.
1181 4109 1212 4178 D
1252 4113 1352 4188 inille
1378 4110 1563 4204 Emeſsam,
1596 4135 1636 4183 ac
1663 4128 1846 4210 propterea
1872 4135 1942 4182 nou
1970 4135 2017 4182 eo

377 4213 531 4286 Carolus
563 4215 702 4292 Crallus
739 4215 979 4318 Angilnergae
1013 4224 1138 4322 Augu·

375 4311 443 4394 line
470 4313 502 4390 se
527 4314 579 4390 ita
605 4316 814 4397 confirmare
838 4319 959 4396 scribit
978 4321 1053 4421 ejus
1076 4323 1137 4396 bo·

374 4441 449 4508 na,
485 4437 522 4488 ut
547 4419 682 4494 retineat
707 4423 883 4518 quaedam,
919 4427 1025 4520 quoad
1046 4425 1136 4496 uixe-

374 4518 444 4610 rit,
476 4520 665 4612 ususruenrlo
700 4525 744 4593 θ’
777 4523 962 4616 potestative
986 4528 1138 4600 ordinan-

374 4623 417 4703 do
442 4619 513 4718 (en
537 4648 626 4722 quae
661 4621 871 4717 Benefidario
907 4627 983 4724 jure
1015 4627 1135 4702 eadem

376 4724 539 4824 Augusta
559 4723 780 4825 poffidebat)
803 4729 958 4824 quaedam
974 4737 1051 4800 verb
1065 4751 1135 4826 per.

371 4825 545 4923 petualiter
580 4825 786 4925 poffidendo,
827 4829 872 4900 θ
908 4830 960 4902 eui
998 4831 1136 4903 uoluerit

373 4928 563 5002 dimittendo
603 4929 675 5030 (en
711 4929 963 5026 Allodialia).
1003 4935 1055 5006 At
1095 4931 1132 5006 in

377 5029 585 5132 Diplomate
628 5034 734 5136 Anni
772 5037 1136 5114 mccclxxxvii

1253 4215 1367 4290 lolnm
1404 4213 1549 4286 nomine
1584 4211 1746 4286 distincta
1783 4211 1883 4288 fuine
1919 4237 2017 4309 prae·

1252 4317 1332 4408 dia,
1350 4317 1397 4392 ob
1418 4313 1574 4388 militare
1592 4311 1776 4390 servitium
1797 4311 1910 4402 viris,
1926 4309 2013 4386 dum

1256 4417 1439 4508 viverent,
1454 4419 1606 4490 collata.
1622 4414 1772 4490 Proinde
1791 4417 1830 4491 in
1852 4419 2014 4514 Regum,

1254 4519 1476 4620 aliorumque
1502 4517 1756 4593 donationibus
1792 4515 2016 4592 animadver-

1254 4622 1400 4700 tendum
1427 4621 1499 4712 en,
1535 4647 1622 4694 num
1651 4619 1859 4716 Proprietatis
1884 4635 1945 4692 aut
1970 4613 2016 4689 ad

1251 4727 1438 4822 Proprium,
1466 4721 1602 4796 mentio
1629 4719 1715 4816 frat,
1741 4743 1846 4822 atque
1866 4745 1908 4792 aa
1927 4743 2013 4791 con·

1253 4828 1375 4904 cedens
1401 4851 1544 4900 omnem
1571 4823 1609 4898 in
1629 4851 1682 4898 res
1700 4824 1798 4899 datas
1825 4821 1886 4895 libi
1913 4843 2012 4893 com·

1253 4947 1431 5028 petentem
1460 4927 1636 5002 ditionem
1672 4926 1712 5002 in
1739 4929 1888 5000 alterum
1916 4938 2014 4994 tran·

1256 5031 1419 5110 liulerit.
1458 5031 1566 5126 Quod
1607 5028 1747 5130 quoties
1786 5021 1941 5200 occupit
1978 5047 2021 5096 ea

1893 5149 1964 5201 ona
