4594 6070
341 413 425 493 249
595 371 1099 466 nosocomio
1167 368 1601 461 conserente
1766 399 1882 490 2¹50*

181 485 183 490 ¹
270 497 524 593 -territoriesqoa,
551 500 681 570 condano
706 495 904 570 Adeueatius
924 497 1041 570 Aetius
1073 497 1107 566 A
1146 490 1285 588 prodibii
1311 489 1476 581 Bonesacii
1498 489 1704 588 proprietario
1735 487 1830 584 serre,
1867 487 1908 563 (t

273 604 402 696 snorum
427 602 468 672 ab
493 625 555 670 αιιι
577 625 663 670 anno
698 599 733 668 in
761 617 842 670 retro
873 597 1039 691 detinuit,
1145 593 1257 684 saciad
1282 591 1347 689 ipse
1372 593 1417 663 Θ·
1435 591 1510 684 suos
1533 591 1658 664 beredes
1688 592 1828 692 quicquit
1852 621 1911 668 vo·

279 727 448 797 antequam
481 721 620 771 manuus
654 699 752 789 suit:
786 701 846 792 sed
880 701 924 770 (ι’
958 725 1041 774 nunc
1149 695 1267 782 luerit,
1286 693 1359 781 stne
1382 693 1469 764 omni
1501 691 1743 766 contraditione
1774 695 1912 792 predibbi

277 805 486 901 Magesredus
498 803 620 873 detinet
632 822 699 873 tam
711 805 752 874 de
762 801 918 898 propriis,
932 825 1037 897 quant·
1152 796 1335 893 Magisredi
1345 851 1358 887 ,
1370 796 1555 893 suorumque
1572 795 1755 872 heredibus.
1779 803 1826 868 Et
1847 797 1911 893 ipse

279 933 337 1006 que
363 903 647 979 Comendaticiis
672 905 728 974 vel
755 902 974 978 [nfiduciatis
994 929 1037 974 re·
1151 897 1318 989 Bonisacio
1351 898 1498 970 Marcbio
1532 923 1598 972 una
1636 923 1704 968 cum
1746 897 1912 972 Richilda

271 1013 337 1082 bus
364 1009 397 1077 in
424 1005 597 1076 montaneis
620 1005 696 1076 locis
720 1007 743 1075 ὸ
768 1009 883 1076 Mente
908 1005 1038 1078 Mauri·
1151 1001 1315 1099 Conjuge
1341 998 1399 1074 sua
1426 1003 1539 1070 debent
1568 999 1671 1088 satore
1706 998 1740 1068 in
1772 1000 1911 1094 prediblo

273 1109 364 1196 sini,
392 1107 674 1194 (resciscent,
702 1107 746 1176 (9·
770 1108 816 1178 ad
841 1105 907 1202 ipso
926 1111 1040 1178 Monte
1153 1100 1361 1198 Magesredo‚
1390 1101 1449 1194 seu
1483 1101 1518 1172 in
1548 1103 1606 1194 suo
1640 1095 1741 1194 Miffo
1772 1102 1912 1172 Cartala

279 1211 374 1306 usque
397 1210 443 1280 ad
467 1216 558 1278 Reno
583 1207 618 1278 in
639 1207 784 1300 sursunt,
813 1211 1009 1280 medietatem
1019 1235 1039 1296 ,·
1151 1201 1386 1294 vendissent,
1407 1203 1465 1294 sou
1488 1202 1687 1274 oblicaciotois
1704 1204 1744 1272 de
1763 1199 1823 1276 illa
1849 1224 1912 1271 noe.

280 1314 316 1384 in
340 1311 536 1405 planiciebus
558 1335 635 1380 vero
661 1311 756 1396 locis,
775 1308 860 1395 fian
879 1310 960 1380 idem
977 1336 1036 1382 cer·
1151 1306 1324 1396 dictatant,
1350 1331 1408 1402 que
1422 1305 1583 1402 predib'ius
1600 1303 1809 1400 Magesredrss
1832 1329 1914 1374 nunc

280 1413 369 1485 nitur
402 1415 424 1482 ἱ
454 1417 568 1482 Monte
603 1411 783 1496 Mauristni
811 1411 970 1504 freherius
1003 1437 1037 1482 u·
1086 1403 1112 1474 Β
1151 1407 1271 1478 detinet
1295 1408 1335 1478 de
1353 1408 1416 1498 sua
1438 1407 1580 1504 portione
1604 1409 1693 1478 debet
1717 1407 1794 1478 dare
1815 1405 1917 1476 Boni·

272 1515 351 1612 sque
376 1517 399 1583 a
420 1512 615 1608 paludibus,
642 1513 687 1581 (θ’
711 1517 754 1584 ad
780 1513 845 1607 ipso
870 1519 984 1583 Mance
1005 1539 1040 1582 u·
1147 1508 1233 1598 sacis
1259 1509 1443 1580 Marcbioni
1466 1516 1506 1580 de
1532 1509 1601 1578 illis
1626 1509 1737 1598 rebus,
1763 1533 1820 1604 que
1837 1509 1917 1578 Ad·
2040 1589 2043 1596 .

273 1618 352 1712 sque
386 1617 430 1686 ad
463 1614 576 1704 Sevi,
611 1613 657 1682 (9·
680 1615 703 1682 a
726 1614 845 1708 palude
879 1613 1042 1708 usquead
1153 1609 1274 1680 marius
1289 1610 1451 1680 detinebat
1468 1611 1511 1682 ab
1530 1636 1591 1680 uno
1609 1633 1715 1699 annes,
1741 1629 1915 1704 antequam

278 1719 429 1812 Alpem,
457 1715 584 1786 tertiano
605 1735 729 1811 partem
742 1743 763 1802 ,·
786 1717 826 1800 de
850 1715 962 1786 Servis
984 1741 1037 1786 ve·
1155 1729 1292 1782 mortuos
1326 1707 1460 1806 suiset,
1500 1712 1698 1782 medietatem
1736 1714 1761 1780 d
1800 1715 1914 1780 Monte

278 1843 313 1890 so
339 1819 383 1886 Θ
407 1815 582 1905 vircillis,
616 1817 779 1888 Aldiones
813 1817 856 1886 Θ·
892 1817 1042 1890 Αιᾶἰααι
1156 1811 1357 1902 Maurefiui,
1384 1813 1428 1884 θ
1452 1817 1475 1883 d
1499 1813 1647 1885 Salteruo
1673 1813 1708 1884 t'tt
1728 1811 1854 1904 sursunt
1880 1834 1917 1882 α-

280 1921 315 1992 in
351 1919 523 1988 montaneis
548 1917 623 1988 locis
648 1919 683 1988 in
705 1917 857 2014 prediflis
892 1922 981 1992 rebus
1005 1946 1036 1990 a·
1149 1915 1227 2010 sque
1251 1916 1296 1984 ad
1310 1915 1434 2009 'Alpes
1460 1914 1496 1984 in
1518 1915 1716 2010 planiciebus
1740 1919 1815 1983 verb
1824 1963 1914 1985 .....

279 2019 481 2108 bisantione,
503 2020 543 2090 de
562 2018 625 2110 sua
645 2020 787 2114 portione
805 2017 957 2104 similiter
979 2045 1039 2090 me·
1157 2014 1221 2110 ipso
1248 2019 1362 2086 Maeote
1380 2015 1561 2100 Maurefini
1578 2015 1742 2106 subterius
1759 2013 1854 2111 usque
1872 2015 1918 2086 ad

280 2124 455 2194 dietatem:
482 2120 516 2189 in
541 2119 736 2210 planiciebus
761 2147 836 2192 vero
860 2121 1037 2194 habitanti·
1155 2116 1277 2206 savis,
1298 2121 1334 2188 a
1356 2119 1473 2211 palude
1499 2117 1593 2213 usque
1626 2119 1672 2190 ad
1704 2117 1821 2212 Alpe,
1855 2117 1917 2186 due

283 2225 361 2309 bus,
386 2220 498 2316 eseptis
523 2221 613 2308 illis,
639 2221 696 2315 qui
720 2219 828 2306 asidue
853 2235 892 2292 de
910 2223 1040 2293 domni·
1153 2218 1309 2316 passiones
1331 2220 1423 2288 debet
1447 2221 1537 2290 abere
1559 2217 1719 2314 prodibius
1754 2217 1919 2312 Magesre·

283 2345 354 2396 cata
372 2322 537 2419 slipendia
562 2321 707 2395 vivunt.
743 2328 793 2393 Eo
827 2324 879 2394 die
905 2323 940 2393 in
971 2345 1039 2417 pre·
1079 2310 1110 2384 C
1155 2323 1216 2390 dus
1231 2371 1343 2392 .....
1369 2319 1409 2388 de
1434 2321 1578 2390 omnibus
1603 2321 1713 2407 rebus,
1740 2343 1801 2414 que
1818 2343 1917 2412 quon·

265 2456 268 2469 ·
277 2425 384 2518 sentia
403 2422 612 2518 suprascripti
648 2423 750 2518 Ugoni
784 2425 903 2496 Camiri
937 2424 1041 2519 predi·
1155 2423 1229 2492 daos
1253 2421 1437 2493 Admarius
1460 2421 1623 2510 detinuit,
1659 2419 1705 2488 θ’
1739 2418 1804 2512 ipse
1838 2422 1932 2488 Μαι

282 2525 350 2597 slus
385 2523 590 2619 Magisredus
617 2523 690 2607 fine
724 2525 790 2596 Dei
824 2528 1042 2622 inpedimento
1152 2521 1299 2617 gesredus
1325 2547 1407 2592 nunc
1430 2520 1595 2594 desinam.
1633 2525 1684 2591 Et
1716 2517 1781 2615 ipse
1815 2523 1920 2588 Bone·

283 2629 394 2699 debent
421 2625 489 2722 ipsa
514 2625 652 2696 corenla
680 2623 804 2718 judicio
839 2629 972 2698 lacedare
998 2627 1042 2696 Θ·
1150 2624 1256 2712 sacius
1280 2625 1370 2694 debet
1391 2623 1493 2713 satore
1517 2629 1671 2712 Castam,
1685 2623 1743 2691 'lt'
1757 2619 1919 2717 prodiisses

285 2725 517 2824 euspendrresi
524 2775 656 2800 .......
672 2721 809 2818 Iudices
823 2727 960 2824 predibli
979 2734 1040 2799 Bo·
1076 2809 1080 2821 Ι
1156 2724 1364 2820 Magesredus
1387 2727 1429 2794 de
1452 2725 1613 2796 duacensis
1638 2723 1813 2796 coenaturis
1835 2721 1920 2810 insra

285 2831 400 2920 nesacii
424 2827 664 2920 judicaverint,
692 2830 735 2898 Θ·
761 2851 915 2926 quantum
935 2830 1041 2926 predi·
1154 2826 1282 2897 Plebem
1315 2823 1431 2898 Sancte·
1464 2827 1581 2916 Petri,
1615 2847 1675 2920 que
1706 2844 1843 2898 vocatur
1882 2824 1919 2893 ln

284 2932 352 3002 iius
378 2929 585 3024 Magesredus
610 2932 652 2998 ab
679 2929 739 2999 illa
763 2933 817 2998 die
836 2933 870 3000 in
889 2951 986 3002 antea
1004 2935 1044 3001 de
1156 2931 1398 3016 Barcanorum,
1424 2927 1464 2997 de
1490 2925 1644 3012 similiter
1677 2927 1766 2999 bwis
1802 2927 1918 3014 rebus,

280 3031 434 3130 prediiiis
460 3033 570 3117 rehu,
607 3051 665 3122 que
698 3031 827 3098 wndam
862 3031 1044 3098 Admarius
1156 3054 1213 3121 que
1236 3033 1394 3123 quandam
1422 3031 1603 3104 Admarirrs
1634 3029 1797 3118 detinuit,
1830 3025 1923 3100 dein·

283 3133 453 3222 detineris,
493 3127 682 3223 adquesierit
716 3147 782 3198 tam
818 3127 852 3198 in
888 3129 1045 3199 mantibus
1156 3147 1224 3220 ceps
1247 3127 1457 3220 adquefierint
1482 3150 1550 3198 tarn
1575 3131 1611 3199 in
1636 3131 1794 3204 mansibus
1822 3155 1919 3225 quam

285 3259 379 3332 quam
406 3233 441 3303 in
464 3229 637 3328 planiciis,
669 3227 829 3324 prodibitts
856 3230 1044 3319 Bonesacius
1082 3218 1114 3284 D
1159 3225 1193 3294 iot
1215 3225 1396 3320 planiciis,
1417 3226 1488 3320 ipse
1512 3230 1744 3324 Mangesredus
1768 3232 1859 3308 άώιι
1883 3258 1921 3303 α.

266 3338 373 3410 -debet
398 3339 489 3406 abere
513 3331 711 3402 medietatem
743 3351 815 3402 tans
835 3334 876 3402 de
898 3331 1042 3426 prediis,
1156 3329 1224 3398 bere
1250 3327 1447 3398 medietatem
1462 3331 1504 3397 de
1518 3329 1660 3422 prediis,
1676 3332 1732 3398 »θ’
1742 3333 1919 3424 portariis,

283 3443 377 3541 quine
401 3439 441 3507 de
467 3429 726 3517 contendatis,
753 3434 797 3502 (ι’
823 3431 1044 3513 infiduciatis
1156 3425 1380 3524 quampride
1398 3428 1629 3502 Conendosis
1654 3430 1709 3500 vel
1732 3429 1919 3503 infiducia-

282 3543 398 3612 rebrrs.
424 3543 472 3612 Et
499 3535 624 3630 insuper
645 3533 788 3629 promisit
815 3534 878 3630 ipse
904 3540 1041 3630 Mange-
1158 3529 1204 3602 tis
1231 3533 1341 3602 rebus.
1368 3535 1417 3602 Et
1442 3530 1569 3626 insuper
1596 3530 1739 3626 prosciſso
1766 3531 1829 3626 ipse
1853 3538 1919 3602 rte.

278 3641 389 3733 fredus
413 3637 549 3736 prodibis
574 3636 738 3727 Bonesacii
768 3635 870 3725 sarcre
891 3638 1039 3730 securita·
1158 3631 1296 3720 aesarius
1320 3631 1419 3720 sarcre
1437 3633 1641 3726 securitatem
1661 3633 1851 3724 sueorumenti
1875 3635 1920 3704 ad

283 3765 346 3814 tene
376 3737 565 3830 sacramenti
595 3759 653 3833 per
686 3737 779 3829 suurn
814 3739 975 3810 Nunoium
1010 3740 1043 3808 in
1152 3735 1245 3824 saum
1271 3735 1432 3806 Nuntium
1456 3737 1496 3806 de
1523 3733 1598 3831 ipsis
1623 3738 1735 3826 rebus,·
1760 3737 1844 3806 unde
1868 3737 1918 3832 ip.

269 3843 346 3914 ¹illa
379 3843 434 3912 die
465 3847 505 3912 de
540 3837 615 3936 ipsis
640 3841 750 3927 rebus,
786 3841 869 3910 unde
903 3840 967 3936 ipse
1002 3843 1045 3910 (ι’
1151 3834 1188 3926 se
1212 3836 1402 3924 Bonesaciecs
1426 3842 1558 3908 Castam
1573 3837 1710 3927 sconis,
1736 3835 1836 3908 &de
1853 3863 1918 3908 om·

265 3941 427 4040 ‘Coniuge
448 3943 534 4031 sua,
561 3947 662 4012 Carta
682 3941 811 4030 steterit,
849 3942 893 4011 (9'
917 3943 956 4012 de
981 3967 1043 4012 om·
1157 3937 1251 4008 sibeos
1275 3939 1373 4025 aliis,
1399 3963 1489 4034 quem
1515 3938 1579 4032 ipse
1602 3938 1766 4026 detinent,
1793 3959 1851 4011 aut
1874 3961 1920 4010 te.

285 4047 379 4117 nibus
412 4037 490 4116 aliis
523 4043 637 4132 rebus,
664 4067 722 4142 que
748 4042 812 4138 ipse
847 4069 928 4113 nunc
960 4046 1042 4116 deti·
1157 4067 1229 4110 ttere
1253 4039 1396 4110 evenerit
1425 4041 1466 4110 de
1500 4043 1590 4110 robus
1623 4039 1779 4124 universis
1803 4044 1921 4136 adqui.

283 4169 382 4230 nent,
417 4167 475 4217 aut
508 4144 538 4215 ei
562 4145 703 4214 evenerit
726 4151 766 4214 de
792 4147 880 4216 rebus
914 4171 1043 4216 commu·
1079 4123 1108 4190 E
1151 4139 1253 4230 fitis,
1289 4161 1325 4208 ur
1358 4139 1423 4234 ipse
1457 4140 1503 4209 (α’
1539 4141 1647 4212 tollere
1685 4167 1746 4212 ιιιιι
1778 4147 1918 4238 debent,

283 4249 345 4320 nis·
359 4245 540 4345 acquisitis,
566 4267 604 4316 eet
630 4245 699 4341 ipsa
722 4246 753 4316 ei
778 4247 886 4316 tollere
911 4273 972 4318 non
990 4253 1053 4318 ae..
1158 4267 1211 4312 esec
1239 4239 1350 4332 seceris
1386 4241 1496 4312 tollere
1534 4267 1588 4314 ιιιι
1617 4242 1695 4334 suta
1735 4269 1789 4315 nes
1826 4273 1919 4318 ιιιιιι.

283 4352 382 4442 bene,
408 4377 461 4422 nec
481 4348 590 4438 feeerit
614 4349 748 4436 tollere,
776 4374 829 4418 nec
854 4348 923 4442 ejus
942 4348 1042 4440 jura,
1158 4347 1234 4432 bra,
1267 4369 1363 4440 neque
1394 4345 1495 4414 ullam
1527 4343 1719 4438 apensionent
1753 4349 1798 4418 ad
1822 4347 1918 4439 suurn

282 4452 340 4521 vel
363 4453 520 4538 membra,
556 4473 651 4544 neque
686 4449 788 4519 ullam
813 4449 1043 4546 apprenfionem
1157 4446 1332 4518 damnum.
1359 4451 1407 4516 Et
1433 4444 1497 4540 ipse
1523 4447 1711 4538 Bonesatius
1735 4451 1825 4520 debet
1849 4477 1918 4522 cosm

283 4553 327 4624 ad
346 4551 438 4643 suum
464 4553 641 4624 damnum.
677 4553 726 4622 Et
750 4549 860 4622 taliter
884 4553 1044 4646 obligavit
1156 4545 1298 4642 Conjuge
1316 4546 1379 4638 sua
1403 4548 1536 4620 laudare
1561 4551 1605 4620 ἕν
1629 4551 1815 4645 expendere,
1834 4550 1919 4636 sicu·

277 4653 404 4750 seipse
430 4652 659 4748 Magesredus,
694 4671 731 4722 ut
757 4649 792 4736 fi
824 4652 877 4724 bec
910 4653 1042 4744 omnia,
1156 4649 1185 4718 ti
1201 4654 1231 4738 J
1233 4649 1336 4720 udices
1365 4649 1504 4746 predibli
1535 4651 1719 4748 Magesredi
1746 4649 1919 4746 judicave-

283 4779 341 4852 que
360 4754 462 4852 supra
486 4753 632 4848 legitur,
667 4752 778 4824 taliter
803 4779 864 4824 non
890 4755 1040 4850 adimple·
1157 4751 1246 4824 rint.
1282 4755 1331 4822 Et
1355 4751 1464 4824 taliter
1483 4751 1652 4849 spopondit
1686 4753 1730 4826 &⁵
1766 4755 1919 4828 oblicavit

266 4857 391 4946 'verit‚
426 4855 565 4952 qualiter
583 4853 684 4949 supra
708 4854 850 4950 legitur,
886 4856 931 4926 (α’
949 4857 1043 4948 suam
1152 4853 1369 4948 seprediblu's
1402 4853 1635 4943 Bssesasiers:
1650 4875 1687 4925 ut
1704 4853 1739 4940 Ji
1758 4853 1919 4950 predibbus

280 4959 453 5054 portionem
477 4958 518 5027 de
540 4955 651 5042 Castro
677 4955 720 5026 (9¹
743 4961 864 5046 Corte,
898 4981 957 5054 que
991 4959 1041 5030 di·
1158 4955 1367 5050 Magesredus
1393 4957 1437 5026 (θ’
1460 4956 1592 5043 omnia,
1629 4981 1687 5054 que
1714 4955 1815 5052 supra
1838 4954 1919 5048 legi.

282 5065 364 5132 citur
404 5057 576 5152 Remuli,
610 5056 784 5130 αιαιιιίαιι
823 5057 857 5130 in
893 5057 1043 5154 potestate
1156 5075 1234 5145 tur,
1259 5055 1433 5154 adinplere
1457 5057 1621 5150 voluerit,
1656 5057 1701 5126 ἐν
1725 5055 1790 5152 ipse
1815 5059 1919 5134 Bone.

1761 5153 1868 5249 sacius
