4594 6070
444 399 527 488 255
756 302 1146 494 Anrro'urr.
1196 373 1421 466 Msorr
1470 375 1651 468 Arri

1879 393 1968 498 256
2019 505 2024 518 ,

434 487 591 564 Consule
614 486 747 564 interea
766 491 974 570 Chronicon
1002 493 1145 572 Farfen·
1185 499 1221 572 A
1260 495 1365 594 cipe,
1392 521 1481 596 quae
1508 495 1703 574 Lauduifus
1731 496 1854 574 Senior
1880 495 2023 572 Medio·

382 581 417 658 se
443 589 463 661 b
489 616 546 664 mc
572 590 708 666 editum
745 595 838 668 Part.
875 597 922 670 Is.
948 597 1061 672 Tomi
1097 601 1145 673 11.

383 689 464 764 Rer.
493 691 729 768 Italicar.1bi
758 721 835 794 pag.
863 701 949 772 ⁶16.
970 697 1044 790 filii
1069 705 1144 772 Cre-

375 789 493 881 [rentii
517 796 674 885 Comitis,
705 819 825 895 accepto
849 799 986 886 Caflessr
1011 801 1146 874 Tribuco

381 893 403 963 ὲ
439 895 592 969 Berardo
629 898 772 973 Abbate
810 899 961 975 Farsensr
1001 901 1146 977 circiter

380 997 530 1071 Annum
567 1001 819 1074 MLxxqu.
856 1003 1081 1100 obligaverunt
1115 1003 1145 1086 [e

381 1097 427 1167 Θ
453 1099 577 1170 heredes
605 1102 701 1193 suos,
736 1123 773 1172 ue
798 1129 859 1174 non
888 1103 1056 1194 facerent,
1092 1133 1145 1177 nec

382 1197 642 1294 ronstsiarentur,
668 1223 705 1274 ut
721 1209 865 1276 Domnus
888 1210 1051 1278 Berardrrs
1069 1209 1142 1279 Ab·

382 1303 440 1372 bas
474 1301 581 1376 vitam
611 1311 776 1400 perderet,
811 1309 1053 1399 unimembris,
1088 1327 1146 1382 atre

1260 596 1407 672 lanenfis
1430 595 1630 674 Histoticus
1654 603 1764 674 Anno
1788 603 2020 674 MLxxxv.

1261 696 1433 775 scribebat
1458 701 1500 774 in
1525 699 1683 776 Historia
1701 703 1721 774 i
1741 726 1796 774 mc
1821 701 1918 778 edita
1943 703 2021 775 To·

1260 826 1321 874 mo
1355 804 1421 876 lu.
1458 805 1590 878 Rerum
1627 801 1861 876 Italicarum.
1895 805 2018 902 Agens

1259 899 1323 976 isle
1340 901 1383 978 de
1406 903 1621 1022 Laudulpbo
1640 901 1922 1001 Archiepiscopo
1939 907 2019 978 Me·

1258 1002 1472 1096 diolanenfi,
1499 1031 1560 1104 qur
1582 1009 1694 1078 Anno
1712 1005 2016 1081 Decccxcvl.

1259 1101 1439 1196 florebat,
1473 1104 1514 1180 in
1553 1105 1641 1180 haec
1683 1107 1790 1180 verba
1828 1103 2015 1203 loquitur:

1257 1206 1475 1304 Propinquis,
1508 1233 1583 1306 quor
1610 1209 1644 1279 in
1671 1207 1863 1293 Cercunenfi
1895 1206 2022 1302 Oppida

1257 1307 1421 1400 habebar,
1454 1310 1494 1380 de
1527 1309 1614 1382 beati
1647 1307 1812 1395 Ambrosti
1844 1305 2019 1402 Archipi-

379 1403 620 1500 mesampresam
645 1407 790 1498 haberer,
827 1408 872 1478 Θ
896 1429 1002 1480 eontra
1026 1435 1146 1480 omnem
1185 1407 1213 1479 B
1250 1407 1396 1506 scopatur
1414 1410 1504 1482 bonis
1526 1410 1744 1508 quadraginta
1769 1407 1876 1502 missia
1900 1407 2018 1478 modios

380 1505 534 1576 bominem
560 1507 759 1600 adjuvarent
785 1509 870 1580 iliud
894 1531 998 1582 tenere
1022 1512 1066 1582 θ
1090 1513 1143 1582 de·

375 1605 507 1696 fendere
532 1611 614 1682 burri
630 1609 702 1702 fide
728 1611 797 1684 &n
825 1615 880 1684 En
908 1629 1002 1686 certa
1038 1614 1146 1684 Feudr'

382 1707 539 1798 indicia,
568 1710 834 1811 appositumque
859 1713 935 1813 ejus
954 1712 1069 1789 caussi
1095 1713 1142 1788 sa·

382 1829 622 1885 crementum.
659 1814 831 1888 Beatricis
857 1837 997 1911 quoque
1023 1814 1143 1890 imita·

382 1911 457 1983 trix
484 1913 677 1987 Mathildis
703 1915 893 1988 Comitisia
919 1915 1020 1990 illius
1046 1914 1146 2008 filia,

382 2031 424 2084 ut
452 2011 556 2086 habet
593 2014 737 2090 Donizo
772 2015 811 2089 in
837 2016 912 2116 ejus
939 2016 1026 2091 Vita
1061 2017 1145 2094 Lib.

381 2138 417 2186 2.
445 2115 535 2212 Cap.
563 2137 596 2188 2.
632 2115 873 2218 quoscumque
908 2136 1046 2220 poterat
1082 2117 1146 2196 fibi

381 2213 608 2292 devinciebat
624 2273 635 2310 ,

432 2367 561 2442 Multos
600 2397 669 2444 eum
710 2375 842 2466 feudo,
881 2374 997 2448 mustos
1034 2401 1148 2449 munus

534 2471 725 2549 tribuendo.

379 2619 446 2695 Sed
472 2635 514 2695 ut
539 2619 666 2697 habeas
692 2650 763 2698 non
791 2651 864 2699 rem
891 2629 1059 2712 tantum,
1087 2625 1143 2698 sed

379 2725 416 2797 δι
431 2747 562 2798 nomen
581 2725 688 2798 Ferrdi
706 2729 852 2802 Saeculo
867 2724 999 2802 Christi
1015 2727 1078 2797 XI.
1088 2751 1142 2802 ac·

1256 1529 1357 1584 terrae
1386 1510 1575 1601 susinum,
1610 1533 1647 1582 ur
1672 1513 1746 1582 esses
1771 1535 1877 1582 omnes
1897 1511 2020 1580 ditaret

1255 1612 1400 1703 vicinos,
1432 1634 1490 1709 per
1523 1616 1667 1686 feudum
1691 1613 1802 1686 dedit.
1837 1613 2020 1686 Praeterea

1257 1715 1389 1805 feudi,
1424 1711 1495 1790 five
1530 1719 1658 1805 Feodr',
1691 1711 1848 1814 expressa
1881 1710 2021 1786 mentio

1257 1813 1405 1890 habetur
1439 1815 1480 1889 in
1514 1815 1650 1890 Charta
1686 1811 1921 1904 ferrariense,
1959 1837 2019 1886 eo·

1256 1915 1336 1990 dem
1374 1919 1522 2009 Seculo,
1559 1915 1708 2015 scripti,
1744 1913 1914 2010 nobisque
1950 1911 2019 1988 ser·

1257 2018 1340 2090 vati
1376 2018 1416 2093 in
1456 2016 1697 2092 Collesianers
1738 2014 1811 2090 suis
1842 2011 1961 2088 MStis
1994 2013 2017 2086 b

1258 2117 1448 2238 Peregrino
1483 2117 1678 2238 Prisciauo·
1699 2113 1934 2237 ferrariensi:
1971 2139 2020 2189 ex

1256 2247 1326 2320 qua
1351 2219 1555 2322 intelligas,
1580 2225 1719 2292 ,scrutere
1745 2213 2019 2305 tantummodo,

1181 2319 1217 2393 C
1257 2349 1329 2396 non
1349 2327 1434 2398 vero
1452 2322 1571 2416 Census
1589 2319 1689 2398 suiffc
1708 2315 1909 2418 impositam
1930 2313 2018 2390 Vas.

1257 2422 1346 2498 sallo
1379 2425 1666 2525 pbsigationem,
1705 2441 1920 2518 quamquam
1955 2441 2017 2490 ve·

1256 2549 1334 2598 rum
1375 2523 1417 2598 iit
1455 2550 1528 2598 non
1566 2519 1710 2596 defuisse
1749 2518 1888 2606 Feuda,
1925 2541 2018 2614 quae

1254 2621 1408 2698 Ceusum
1434 2647 1575 2722 quoque
1601 2618 1792 2724 quotannis
1810 2616 2018 2694 redderent.

439 2955 658 3046 Laudulsus
688 2957 899 3074 Episcopus
930 2959 1180 3048 Ferrarieofis
1210 2955 1482 3044 investituram
1512 2955 1794 3044 nonnullarum
1824 2979 1957 3044 rerum

549 3075 742 3170 concedit,
762 3077 934 3164 Nordilo
961 3081 1011 3164 de
1042 3077 1214 3163 Castelso
1245 3074 1407 3178 Veteri,
1436 3103 1529 3190 cum
1558 3073 1852 3164 conditionibus

900 3193 1172 3314 quibusdam,
1201 3199 1325 3280 Auno
1360 3223 1486 3302 1091.

488 3436 566 3505 Neo
588 3433 633 3505 ab
657 3429 878 3505 formatione
901 3429 1040 3505 Domini
1062 3431 1147 3504 Mis·
1183 3432 1220 3503 D
1251 3454 1319 3504 nus
1335 3425 1532 3504 Laudulsus
1551 3427 1746 3530 Episcopus
1764 3424 1883 3502 Sansii
1902 3429 2015 3502 Geor-⁸

513 3533 618 3618 sesimo
639 3532 852 3630 'Nonagesimo
871 3529 1007 3624 Primo,
1033 3535 1151 3607 die...

384 3635 510 3720 Mensis
535 3634 674 3724 Medii,
700 3633 877 3707 indisiione
899 3637 978 3706 XII.
1004 3637 1086 3704 Cum
1104 3633 1147 3725 es-

376 3736 428 3830 Jec
456 3739 598 3808 Domna
623 3733 805 3824 Matilda,
835 3734 949 3828 grane
975 3733 1041 3806 Dei
1075 3737 1147 3807 Du·

383 3833 500 3909 catrix
526 3837 561 3907 ἃ
588 3833 803 3926 Comitiffa,
826 3832 1052 3910 Marchionis
1079 3837 1147 3910 Bo·

383 3933 507 4011 nifarii
534 3932 633 4026 filia,
661 3936 696 4007 in
721 3936 786 4008 loeo
808 3933 924 4008 santii
941 3935 1092 4028 Cesarii,
1119 3937 1148 4008 i·

383 4039 478 4134 bique
512 4035 729 4113 Beroardum
764 4033 950 4110 vicarium
988 4041 1148 4112 Romane

1251 3529 1303 3627 gii
1339 3529 1382 3604 de
1417 3535 1561 3605 Ferrara
1599 3531 1770 3603 Nordr'srrm
1803 3531 1846 3600 de
1876 3527 2015 3615 Calicis·

1254 3631 1384 3724 Veteri,
1416 3634 1463 3704 0·
1485 3632 1555 3726 ejas
1574 3630 1694 3724 fissos,
1729 3630 1786 3729 qui
1809 3630 1852 3701 de
1873 3655 1908 3700 eo
1932 3631 2014 3700 eati·

1252 3732 1373 3825 terint,
1405 3733 1446 3805 de
1470 3759 1572 3805 omnes
1597 3759 1645 3803 res
1680 3733 1760 3805 issar
1789 3729 1873 3827 juris
1897 3727 2013 3802 Sansii

1252 3835 1411 3932 Georgii,
1437 3833 1534 3920 ficati
1560 3841 1669 3905 Conon
1692 3836 1734 3904 de
1757 3833 1897 3906 Casaune
1921 3829 2012 3902 dedit

1254 3934 1342 4026 infra
1368 3937 1519 4008 pleneus
1542 3933 1658 4008 sanus·
1683 3933 1851 4025 Martini,
1877 3933 1923 4004 θ
1939 3934 2014 4004 Ple·

1253 4039 1290 4109 be
1307 4035 1421 4109 sanai
1440 4035 1584 4126 Donati,
1610 4037 1656 4106 Ο·
1672 4036 1769 4107 Psebe
1785 4033 1901 4107 santii
1917 4037 2014 4104 Geor·

380 4137 558 4230 Ecclefie,
584 4139 631 4212 θ’
657 4135 849 4214 Parmeufis
866 4137 1060 4239 Episcopus
1078 4167 1147 4213 cunr
1248 4138 1302 4234 gii
1326 4139 1372 4210 ad
1396 4135 1566 4222 Ecesessam
1590 4135 1704 4209 santii
1727 4135 1858 4234 Georgii
1876 4138 1917 4206 de
1935 4139 2015 4206 fer.

382 4270 445 4332 ea,
470 4241 516 4311 θ
534 4245 616 4341 Ugo
641 4243 881 4317 Mantuauum
907 4238 1145 4340 Episcopum,
1252 4265 1348 4328 rara,
1383 4259 1420 4310 ere
1440 4237 1601 4336 prefatum
1634 4237 1833 4328 Nordisunr,
1866 4237 1911 4306 <9¹
1943 4233 2015 4330 ejus

382 4345 429 4415 6·
464 4343 623 4416 ubaldum
648 4344 834 4435 Iudicem,
868 4343 914 4415 (9·
947 4343 1147 4432 Gandasfum
1185 4339 1216 4410 E
1245 4338 1335 4432 filiis
1359 4339 1497 4414 babeant
1522 4341 1568 4410 <9¹
1591 4359 1721 4412 teneant
1753 4365 1792 4410 ex
1821 4357 1915 4440 parre
1948 4363 2013 4408 me·

326 4473 331 4480 ·
374 4443 527 4539 Judr'rem
569 4443 610 4515 de
643 4444 834 4530 Arcesada,
874 4447 919 4516 O*
951 4443 1147 4516 Guliesmum
1252 4462 1368 4514 merare
1391 4439 1527 4528 Eersejie
1544 4438 1689 4514 nomine
1708 4437 1818 4514 Feodi
1837 4437 1910 4525 Jine
1927 4437 2013 4512 omni

383 4549 424 4619 de
450 4549 610 4634 Ferrato,
637 4545 682 4614 Θ
707 4551 838 4616 Petrum
862 4546 1076 4636 Tauressum,
1101 4547 1146 4617 Φ
1252 4542 1495 4615 contradiiiionr
1515 4541 1723 4640 suprascripti
1757 4541 1933 4639 Episcopi,
1967 4540 2016 4612 U·

385 4650 534 4722 Uberturn
558 4645 805 4736 Pie-Fontius,
830 4665 925 4741 arque
951 4647 1146 4742 Ugaidooem
1252 4641 1321 4728 eius
1348 4641 1585 4738 surceffirribus.
1619 4647 1673 4716 Ite
1698 4665 1805 4714 remen
1829 4663 1869 4714 ut
1884 4641 2013 4734 sensim

382 4749 540 4844 Azouis,
574 4755 655 4840 Aeo
677 4749 717 4820 de
740 4750 850 4835 Saia,
886 4747 1079 4818 Raineriam
1097 4745 1143 4838 fi·
1253 4751 1377 4818 Domne
1399 4746 1545 4818 Matisde
1562 4743 1673 4818 diebus
1689 4743 1760 4816 vire
1778 4743 1859 4836 sue,
1884 4743 1928 4812 θ
1942 4741 2013 4838 poli

381 4852 464 4926 siunt
489 4849 700 4946 Busgaressi,
734 4845 922 4922 monim
945 4849 986 4920 de
1010 4853 1171 4939 Nonae-1
1252 4845 1322 4940 ejus
1345 4843 1494 4942 deeessirm
1520 4847 1672 4940 serviant
1704 4845 1855 4942 Episcopo
1883 4843 1929 4914 Θ·
1954 4841 2012 4935 sai

382 4954 476 5043 rusa,
502 4951 684 5028 Ribusdum
707 4952 748 5023 de
774 4949 935 5047 Vignosa,
970 4949 1016 5020 Θ·
1039 4950 1172 5126 pluresp
1246 4945 1621 5043 successores,frneomni
1634 4945 2017 5020 conmodisiioaessomne

383 5055 464 5132 osii.
491 5059 530 5131 sn
548 5080 652 5130 eorum
663 5052 825 5152 presentia
840 5049 1013 5152 incestius
1032 5053 1143 5133 Dom-
1220 5099 1224 5111 ·
1251 5052 1398 5126 Mansdr
1421 5051 1466 5124 (7
1499 5048 1568 5150 ejus
1591 5049 1780 5126 heredibus.
1811 5051 1901 5163 Penp
1916 5051 2015 5218 ,verb

1881 5171 1914 5218 rn
1931 5171 1965 5220 er
