4592 6066
350 385 434 467 421
646 351 1089 444 DlSSERTATIO
1135 347 1568 437 DUODECIMA.
1772 384 1857 462 422

30 545 34 552 .
100 503 145 556 ;,·
291 487 325 542 to
347 471 531 572 bstngolis
555 471 691 562 nostrbm
707 471 906 570 corporaliter
919 473 1049 572 praesti·
1091 473 1124 545 A
1210 468 1336 540 anun
1360 468 1403 556 esl
1423 468 1479 540 hoe
1491 467 1707 565 praesenribus
1723 467 1851 556 cestros
1869 468 1921 542 int

79 605 82 614 ·
239 615 241 620 -
291 589 325 642 to
346 595 403 670 per
420 575 660 672 slipulationem
681 575 895 672 promittimus
914 597 974 672 pro
998 603 1051 648 nc.
1155 568 1357 664 suscriptis,
1375 570 1421 642 ad
1436 569 1491 640 boc
1502 567 1682 664 specialiter
1701 569 1844 660 νοητὴ,
1856 570 1921 662 sei.

292 673 343 747 bis
381 675 545 748 heredibus
584 677 629 746 D·
661 674 876 769 succcessoribus
915 677 1050 770 noslris,
1160 669 1233 740 litet
1252 671 1410 766 Magistro
1431 667 1582 766 Ruffiu'du
1603 671 1641 740 dr
1659 671 1834 744 Terracina
1852 675 1922 744 Do·

291 774 373 848 bano
388 776 626 867 venditionem,
639 829 643 838 -
649 779 894 874 promissorem,
921 779 963 850 cb*
986 799 1050 852 rra.
1160 770 1242 842 mini
1258 777 1368 867 Papae
1387 771 1543 860 Notario,
1566 777 1660 840 Petro
1679 772 1720 840 do
1740 769 1829 862 Pofic
1845 773 1920 843 Cle.

291 875 469 968 ditionem,
510 877 555 948 Φ
588 881 695 952 omnia
726 877 940 976 supradibiffi
980 901 1052 953 ma
1160 870 1370 968 rieoejusdom
1383 871 1718 963 Notario,isVillelmo
1730 877 1841 942 Sutore
1855 879 1921 943 Cn·

292 977 338 1047 Φ
356 975 458 1068 firma
475 978 598 1076 semper
618 981 749 1071 babere,
777 981 822 1050 D·
834 987 982 1078 porposui
1001 981 1050 1052 in.
1159 973 1229 1046 riae
1252 973 1386 1048 Domini
1409 981 1544 1070 Papae,
1570 969 1719 1057 Pernfino
1743 974 1783 1043 de
1808 976 1921 1043 Maso·

291 1075 487 1151 violabiliter
520 1080 702 1174 observare,
737 1083 782 1152 D·
807 1109 868 1153 non
890 1101 1050 1155 contrave·
1153 1074 1294 1167 scalcia,
1320 1073 1459 1147 Domino
1475 1073 1635 1170 Stephano
1659 1073 1835 1169 Capellano
1852 1077 1921 1146 Do·

293 1179 391 1260 nirc:
409 1179 520 1272 sodsi
544 1203 620 1278 opus
644 1183 689 1252 D·
713 1179 823 1277 necesse
842 1182 971 1274 suerit,
1006 1185 1049 1254 le·
1160 1175 1242 1268 mini
1265 1183 1402 1274 Papae,
1437 1176 1540 1247 Paulo
1573 1175 1614 1244 de
1647 1179 1761 1270 Capa,
1796 1174 1842 1246 D·
1855 1178 1888 1266 J
1889 1198 1921 1243 o·

287 1280 403 1375 gitime
423 1281 584 1371 defendere
607 1285 650 1356 ab
674 1283 759 1355 omni
780 1283 931 1380 persona.
957 1287 1052 1380 Quod
1158 1277 1301 1350 bannino
1326 1275 1460 1352 Domini
1484 1283 1593 1373 Papae
1618 1275 1772 1368 Cursore.

286 1373 506 1476 fipraediila
523 1385 628 1457 omnia
646 1412 707 1457 non
720 1385 977 1478 servaverimus,
995 1388 1051 1456 vel
1098 1383 1126 1454 B
1210 1383 1260 1452 Et
1284 1404 1340 1476 ego
1375 1376 1545 1452 Ricartbco
1580 1375 1779 1476 imperialis
1805 1378 1922 1454 Auiae

290 1483 429 1578 quolibet
453 1487 543 1555 modo
575 1486 686 1558 venire
719 1485 947 1556 tentaverimus
980 1511 1048 1558 son·
1160 1479 1392 1572 Scriniarius‚
1427 1481 1485 1576 qui
1508 1477 1650 1550 omnibus
1672 1477 1845 1576 praediblis
1870 1479 1921 1552 irs·

291 1601 345 1655 tra
376 1581 574 1679 praemisa,
611 1585 752 1684 poenam
779 1583 813 1656 in
842 1585 1052 1683 suprascripto
1160 1581 1371 1673 tersui,banc
1384 1582 1539 1654 Chartam
1558 1578 1832 1676 utriusquepartis
1850 1605 1922 1654 cort·

289 1681 510 1781 Compromiso
530 1686 686 1772 saturam
710 1685 848 1759 Domino
871 1691 982 1784 Papae
1008 1691 1052 1758 θ’
1154 1681 1248 1774 sensu
1267 1680 1406 1776 scripsi,
1432 1681 1477 1752 D·
1501 1679 1654 1777 complevi
1677 1703 1830 1777 rogatus.

290 1791 457 1859 Romanae
481 1787 637 1873 Ecclesiae
662 1789 781 1884 integre
809 1812 865 1858 nos
893 1789 1050 1884 promitti·
1211 1780 1342 1856 Vidisti
1368 1782 1546 1876 imperialis
1570 1781 1683 1854 mccc
1706 1781 1918 1858 Scriniarios.

277 1891 361 1956 'mus
388 1884 572 1979 scimusne,
608 1890 654 1961 (9·
683 1889 786 1987 poenb
812 1888 921 1980 solutb
955 1888 1052 1984 busur
1160 1885 1272 1956 Erant
1305 1885 1341 1956 bt
1378 1883 1471 1974 ciii,
1497 1881 1560 1982 qui
1595 1882 1775 1979 imperialis
1807 1885 1921 1957 Acta

290 1987 513 2080 venditionis,
548 1988 753 2064 alienationis
787 1988 832 2060 O·
865 1991 1051 2064 traditionis
1160 1984 1338 2074 Notarius,
1366 1999 1472 2081 atque
1497 1982 1541 2056 in
1563 1981 1637 2080 ipio
1673 1983 1792 2075 Urbe,
1825 1983 1861 2058 sc
1886 1984 1920 2060 se

291 2085 467 2160 concretius
492 2089 527 2160 in
546 2089 609 2180 sua
634 2089 842 2164 nibilominus
867 2113 1051 2186 penmanent
1159 2083 1417 2176 inscribebant,
1453 2101 1493 2159 ut
1528 2081 1700 2160 constabit
1735 2109 1780 2160 ex
1809 2086 1923 2162 clocca

282 2185 460 2278 firmisctc.
486 2194 535 2260 Et
548 2209 608 2286 pra
627 2192 670 2262 iis
687 2193 829 2264 omnibns
845 2189 988 2281 firmiter
1006 2203 1050 2263 (r
1159 2184 1316 2278 Charta,
1341 2210 1447 2286 quum
1473 2183 1647 2286 subjicio.

281 2287 431 2380 fideliter
463 2290 668 2382 observandis
692 2293 799 2365 omnia
832 2293 915 2364 bena
947 2292 1052 2380 nostra
1088 2287 1121 2359 C

288 2389 422 2460 mobilia
447 2391 515 2462 Dc.
542 2390 614 2488 (ut
638 2389 739 2495 supro
764 2393 804 2468 in
830 2389 901 2468 alis
927 2393 1048 2469 vendi·

287 2487 400 2564 tionis
419 2485 598 2564 'chartula
614 2494 650 2592 ).

362 2737 573 2856 Fidejuffio
600 2741 780 2862 praestita
802 2735 1012 2867 'Gregorio
1041 2749 1111 2830 lx.
1142 2747 1268 2858 Papae
1295 2693 1326 2830 b
1350 2741 1539 2836 Reinono
1567 2743 1617 2834 ie
1646 2740 1686 2832 io
1715 2739 1842 2834 Tollo
1901 2839 1903 2845 Α

750 2893 820 2974 pro
849 2873 991 2958 Castro
1020 2863 1138 2974 Saxi,
1168 2869 1293 2957 Anno
1328 2894 1457 2980 1230.

284 3083 375 3268 IN
396 3085 520 3158 nomine
543 3084 682 3160 sanblac
699 3087 744 3158 (θ’
762 3088 954 3164 individuae
971 3089 1046 3162 Tri·
1161 3107 1239 3158 tet-⁸
1262 3087 1368 3158 diibus
1392 3092 1562 3164 Rainoncn
1587 3099 1622 3168 in
1647 3097 1785 3191 ejusdem
1810 3094 1922 3170 Doni·

360 3186 495 3262 nitatis.
520 3194 648 3262 aneo.
673 3195 777 3262 Anno
802 3192 936 3264 Domini
962 3191 1047 3262 Mil·
1087 3190 1122 3260 D
1163 3187 1199 3258 ni
1224 3187 1415 3260 cardinalis
1436 3190 1616 3283 praesentia
1639 3197 1822 3278 eonsiitusus
1854 3225 1922 3268 cum

284 3285 391 3374 lesimo
417 3287 631 3374 Ducentesimo
655 3289 820 3377 Tricesimo
845 3295 905 3366 ΧῙ.
924 3291 1047 3366 Kalen·
1164 3285 1319 3378 insiantib
1349 3287 1528 3386 poslulabat
1551 3293 1574 3362 b
1595 3291 1755 3388 praediilo'
1789 3297 1927 3365 Domino

285 3391 348 3462 das
381 3388 497 3484 Masi,
532 3389 708 3462 indillicno
742 3395 805 3464 Ill.
836 3391 1049 3484 Pontificatus
1164 3386 1358 3479 Cardinali,
1384 3408 1421 3459 nt
1443 3388 1542 3482 juxta
1557 3392 1692 3464 Domini
1707 3399 1816 3488 Papae
1833 3421 1924 3467 nean·

286 3489 423 3564 Domini
456 3489 604 3586 Gregorii
635 3497 748 3588 Papae
772 3496 834 3566 11.
861 3499 963 3567 Anno
988 3497 1045 3568 IV.
1163 3489 1276 3562 datum
1293 3485 1492 3584 fidejussores
1515 3495 1560 3566 ab
1582 3519 1615 3564 eo
1641 3493 1812 3590 reciperet,
1846 3521 1923 3591 quos

288 3599 398 3686 Quum
422 3589 618 3664 venerabilis
646 3613 739 3687 pater
770 3595 928 3666 Dominus
962 3585 1048 3669 Rai·
1161 3589 1415 3688 praesentialiter
1439 3592 1610 3690 asserebat.
1636 3595 1787 3668 Tantdem
1811 3596 1923 3668 Domi·

288 3694 395 3765 nerins
418 3690 558 3764 Sanblce
577 3693 709 3766 Mariae
728 3695 763 3765 in
781 3694 945 3786 Cosmidin
963 3698 1047 3770 Dia·
1165 3718 1225 3764 nus
1262 3692 1434 3766 Rainonus
1472 3714 1657 3769 memoratur
1692 3694 1834 3789 promisit
1866 3717 1923 3795 por

288 3819 382 3868 tonus
406 3791 594 3866 cardinalis
618 3797 641 3865 d
663 3797 802 3868 Domino
817 3799 968 3894 Gregorio
982 3803 1047 3870 Pa·
1158 3792 1398 3890 stipulationem
1415 3794 1479 3888 sub
1498 3816 1601 3894 poena
1633 3797 1724 3870 mille
1751 3799 1925 3874 Librarum

284 3915 334 3994 pa
356 3899 418 3967 lX.
442 3893 587 3987 receperit
622 3894 656 3965 in
691 3897 874 3984 mandatis,
909 3919 946 3970 ut
976 3895 1047 3971 ido·
1160 3893 1324 3992 praediblo
1346 3896 1483 3969 Domino
1508 3897 1682 3972 Cardinali
1702 3920 1762 3997 pro
1785 3901 1926 3972 Domino

289 4023 363 4072 neos
376 3991 575 4090 fidejussores
598 4014 656 4090 pro
677 4003 825 4070 Romana
844 3997 984 4084 Ecelosta
1000 4025 1046 4070 re·
1145 4003 1283 4094 Papa,
1311 3997 1439 4093 suisque
1470 3995 1757 4094 succesoribus&
1781 4001 1922 4088 Ecclesib

287 4100 402 4196 ciperet
426 4100 449 4167 b
474 4095 579 4183 nobiti
599 4095 671 4168 viro
694 4099 844 4170 Rainono
860 4101 900 4170 de
918 4101 953 4174 la
971 4101 1047 4172 Tol·
1087 4090 1119 4160 Ε
1162 4099 1315 4170 Romanb
1337 4097 1526 4194 recipienti,
1553 4099 1641 4187 slarc
1674 4102 1838 4175 mandatis
1873 4129 1922 4174 eo·

164 4271 168 4282 ,
283 4201 349 4294 sa,
375 4199 422 4272 ad
439 4197 596 4289 summam
619 4197 709 4268 mille
731 4199 904 4272 Librarum
934 4207 1057 4297 prove·'
1161 4203 1301 4269 cumdem
1327 4199 1371 4270 br
1396 4197 1553 4285 Ecclesiae
1579 4199 1784 4297 scopradiblae
1804 4199 1866 4292 sub
1889 4229 1922 4274 o·

288 4301 465 4390 niensium,
490 4300 531 4370 de
553 4299 695 4394 parendo
713 4301 876 4374 mandatis
893 4301 1049 4386 Ecclesiae
1129 4297 1336 4395 illigatione
1361 4297 1498 4372 omniunt
1523 4302 1670 4374 bonoruns
1688 4303 1837 4397 sensum.
1873 4309 1923 4377 Er

288 4409 455 4476 Romanae
473 4398 569 4495 super
592 4426 652 4492 oo,
690 4405 773 4498 quod
797 4400 942 4490 Casinum
966 4403 1048 4476 Sacri
1159 4401 1319 4473 Dominus
1336 4401 1530 4494 Jobannos,
1568 4405 1661 4478 Urbis
1694 4405 1799 4478 almae
1823 4411 1922 4480 Prae·

286 4505 332 4578 acl
357 4511 537 4574 Romanam
563 4499 733 4587 Ecclefiam
756 4503 845 4573 nullo
862 4503 963 4576 medio
976 4524 1047 4602 per·
1153 4499 1260 4592 sebius
1286 4500 1321 4574 in
1346 4501 1491 4576 trecenis
1523 4502 1660 4595 Libris,
1695 4506 1740 4578 D·
1765 4509 1923 4579 Dominus

286 4603 410 4676 tinente
443 4599 561 4695 injusto
593 4602 638 4672 Θ
672 4603 838 4692 ὑοΙΙὲΙίκν’
860 4603 1047 4698 invaserat,
1077 4609 1079 4620 ’
1159 4603 1321 4676 rebaldus
1337 4601 1496 4694 Praesebli
1516 4603 1551 4676 in
1568 4607 1711 4679 ducentis
1728 4608 1859 4698 Libris,
1874 4609 1919 4680 (P

287 4706 493 4791 detinuerat,
534 4701 579 4773 D·
611 4704 684 4776 dolo
713 4703 932 4802 posbnoodunr,
965 4705 1049 4792 sotter
1157 4704 1316 4776 Dominus
1330 4705 1526 4802 Capellanus
1542 4707 1582 4778 de
1599 4707 1634 4778 la
1648 4707 1744 4798 Tolsa
1759 4707 1795 4781 in
1807 4710 1922 4782 ducen-

286 4805 426 4896 dicitur,
450 4803 584 4890 desierat
607 4805 755 4901 poffidorc
765 4833 789 4895 ;
818 4809 1049 4904 propterquod
1158 4803 1202 4875 tis
1215 4803 1347 4898 Libris,
1360 4807 1571 4880 vomicas
1579 4808 1821 4882 Alexandeode
1836 4815 1922 4880 Bra·

280 4907 392 5001 suerat
416 4909 439 4979 b
463 4907 560 4979 bonas
594 4906 757 4981 memoriae
790 4908 929 4980 Honorio
953 4913 1047 5005 Papa
1162 4931 1246 4999 zano
1261 4906 1296 4978 in
1314 4927 1435 4979 contum
1460 4906 1590 4997 Libris,
1609 4909 1851 5004 adpetitionem
1876 4907 1923 4979 D·

286 5010 350 5086 lli.
376 5007 654 5118 excommunicatus
684 5007 808 5109 publico
833 5009 878 5084 D·
898 5009 1045 5108 srcqcen·
1104 5105 1111 5116 ι
1161 5007 1440 5109 nardatscmbibli
1455 5007 1637 5102 Rainoois,
1652 5009 1697 5082 Θ
1710 5009 1746 5082 in
1755 5009 1821 5099 sua
1829 5024 1922 5104 maes
2006 5041 2011 5052 ·

1580 5153 1581 5156 π
1738 5107 1870 5206 scutris,
