4594 6070
435 405 517 499 231
721 374 1130 495 ANTIQUIT.
1192 377 1668 471 MEDIIAEVI
1862 390 1944 503 2'32

371 504 516 593 nentiis,
552 499 597 570 θ
621 496 813 590 adjacentiis
836 499 882 570 ad
908 499 945 590 se
968 497 1128 593 pertinen.

369 605 458 678 tibus
481 605 537 674 vel
553 599 794 698 aspicientibus,
823 597 1056 771 proprietario
1076 599 1128 698 ju·

368 733 407 780 re
433 705 645 797 contutimus,
671 701 736 775 bac
762 698 804 772 de
831 726 877 772 no
906 727 945 772 ro
972 699 1011 773 in
1041 697 1128 792 suo,

368 805 579 905 suorumque
617 801 783 876 heredum
819 799 982 874 dominio
1017 801 1128 878 libere

365 907 604 983 transtulimus
631 901 852 1006 possidendo.
882 906 971 976 Unde
991 925 1050 1000 pro
1062 903 1127 996 fir.

366 1010 493 1082 micatis
513 1009 628 1106 gratia
653 1008 683 1079 ei
718 1007 799 1079 banc
833 1003 968 1094 noslrotn
992 1003 1126 1077 ousiosi-

367 1131 466 1186 tatem
482 1109 564 1204 fieri
591 1109 765 1206 jufflmus,
798 1128 974 1204 perquam
1008 1108 1126 1202 praeci·

364 1211 494 1312 pimus,
521 1233 557 1284 ut
582 1216 624 1285 ab
649 1210 722 1282 binc
740 1209 784 1278 Θ·
805 1209 949 1304 deinceps
971 1228 1029 1306 per
1047 1216 1127 1281 banc

367 1312 509 1410 nosiram,
522 1313 740 1386 aussoritatem
758 1311 895 1383 eamdem
913 1315 1042 1380 Curtem
1060 1337 1128 1383 cum
1168 1345 1198 1416 B

366 1417 512 1487 omnibus
536 1415 724 1513 mancipiis,
748 1411 975 1509 pertinentiis,
1002 1413 1046 1483 (9¹
1068 1417 1127 1486 ad.

336 1509 340 1516 ’
361 1511 514 1616 jacentiis
524 1518 618 1611 suis,
632 1513 868 1613 juditiorioque
886 1512 1029 1606 ditione,
1050 1541 1129 1615 proc
1155 1519 1161 1602 s

467 1823 606 1920 sgnum
685 1788 933 2082 ΗΒ
988 1823 1156 1898 numan
1173 1825 1361 1920 necemus
1384 1827 1557 1924 augunt.
1618 1925 1622 1934 .

364 2027 369 2035 -
656 1965 678 2076 a
799 1976 837 2076 o

413 2228 635 2310 Drusiemirus
659 2217 878 2310 subdiaconus
902 2248 997 2325 atque
1010 2232 1180 2344 'Notarius
1197 2235 1242 2306 ad
1258 2232 1361 2304 uicem
1379 2226 1551 2333 agilmari
1568 2225 1732 2324 recognovi
1751 2227 1796 2299 θ
1815 2217 2006 2334 subscripsi·

1166 498 1216 572 A=
1245 498 1413 600 prietario
1440 501 1515 602 jure
1542 519 1660 576 teneat
1679 516 1785 603 atque
1810 506 1982 606 possedeat
1992 527 2007 599 ‚'

1243 603 1355 699 absque
1380 601 1555 700 cujuspiam
1587 607 1806 678 contrarietate
1829 609 1886 680 vei
1921 631 2007 706 repe.

1243 706 1379 796 titione,
1420 703 1477 778 seu
1519 701 1627 778 faciat
1661 707 1789 781 exinde
1832 707 2004 809 quicquid

1243 803 1400 881 voluerit
1434 823 1508 880 tam
1543 805 1617 906 ipse
1643 807 1828 906 ‘quamque
1862 809 2003 884 heredes

1243 907 1366 1008 ipsus.
1395 915 1437 982 Ut
1462 935 1579 1006 quoque
1603 908 1677 982 baec
1703 916 1807 998 nostra
1831 909 2003 983 aenaim

1240 1011 1409 1107 pleniorem
1434 1010 1469 1080 in
1488 1012 1554 1082 Dei
1571 1011 1695 1082 nomine
1711 1013 1827 1085 babeat
1843 1013 2004 1108 uigorem,

1242 1113 1286 1184 Ο·
1307 1135 1365 1209 per
1393 1113 1509 1202 sutura
1544 1132 1682 1209 tempora
1707 1114 1926 1206 inconvulsam
1952 1115 2006 1186 ob-

1239 1213 1342 1287 tineat
1359 1213 1578 1305 firmitatem,
1614 1240 1712 1286 mann
1734 1216 1865 1310 propria
1893 1214 2005 1305 subter

1239 1343 1307 1386 eam
1335 1313 1569 1406 firmavimus,
1606 1316 1650 1386 (θ’
1684 1316 1777 1386 anuli
1811 1315 1908 1404 nisisi
1944 1315 2014 1404 into

1208 1417 1385 1600 plmffim
1409 1415 1574 1516 adfignan'
1593 1414 1765 1512 jussirmrt.

1384 2435 1506 2509 Locus
1533 2432 1577 2524 tir
1604 2429 1745 2532 sigini.

413 2641 506 2716 Data
531 2645 589 2718 lV.
615 2649 728 2718 Nonas
753 2641 876 2732 Masi,
902 2649 1005 2714 Anno
1029 2597 1165 2729 chrisio⁴
1174 2636 1341 2738 propicio,
1367 2635 1498 2735 Imperii
1523 2633 1644 2710 Domni
1668 2632 1836 2708 Hlotbatii
1860 2631 1919 2714 Pii
1935 2637 2001 2728 snt-J

510 2751 665 2842 mentoris
691 2749 782 2817 xlx.
809 2741 984 2816 lndibiione
1008 2746 1054 2815 ll.

408 2943 534 3018 {afflant
559 2947 683 3044 Papiae
707 2946 853 3022 Ciuitate
877 2945 1027 3022 Palatio.

408 3149 451 3221 In
493 3146 587 3222 bisce
629 3148 847 3245 Diplomatis
887 3151 958 3248 jam
1003 3148 1121 3242 depre-

354 3248 506 3324 hendisti
535 3268 635 3325 notas
662 3251 893 3352 apertiffimas
920 3277 991 3324 non
1018 3261 1119 3326 Bene-

348 3352 446 3446 ficii,
482 3351 537 3426 sed
564 3353 718 3444 Atedii,
754 3353 797 3426 ab
832 3353 999 3456 Augustis
1037 3383 1116 3428 con·

356 3451 457 3528 c‘elli.
493 3459 575 3529 Hoc
601 3454 695 3529 enim
733 3452 895 3530 indicant
922 3457 986 3530 illa
1015 3465 1117 3532 verba

354 3557 567 3653 Proprietario
601 3559 678 3653 jure
693 3580 706 3656 3
750 3557 1045 3654 quemadmodum
1082 3561 1116 3630 &

354 3657 456 3732 alia:
489 3687 526 3731 ac
549 3660 590 3727 de
624 3658 723 3743 nosset
758 3657 792 3726 in
821 3657 902 3748 suo,
930 3657 1118 3754 suorumque

353 3761 502 3830 heredum
527 3757 667 3826 dominio
692 3757 789 3826 libere
806 3755 1025 3843 transtulimus
1046 3753 1114 3856 pos·

347 3857 504 3944 fidendo:
535 3881 697 3928 necnon
724 3857 758 3928 &
786 3881 851 3956 ea3
880 3875 919 3931 ut
941 3862 1115 3958 proprieta-

353 3959 401 4028 rio
421 3955 498 4051 sure
522 3977 627 4030 teneat
651 3977 747 4054 atque
771 3960 956 4054 poffideat‚·
984 3963 1041 4055 siu
1061 3964 1115 4055 sa.

352 4061 418 4132 ciat
442 4057 556 4131 exinde
581 4059 729 4157 quicquid
753 4063 893 4137 voluerit
919 4083 985 4135 tam
1022 4065 1113 4162 ipse,

350 4184 503 4258 quamque
528 4163 651 4235 beredcs
677 4161 792 4260 psius.
822 4167 947 4262 Neque
974 4173 1126 4244 tantum

350 4261 493 4336 Allodia
528 4262 710 4337 Fidelibus
746 4263 815 4340 suis
843 4266 1114 4343 contribuebant

350 4360 441 4437 olim
478 4363 659 4466 Augusti,
694 4363 750 4439 sed
787 4366 860 4467 ipsa
895 4367 1060 4463 Beneficia
1093 4371 1113 4444 b

349 4463 520 4565 potestate
562 4491 601 4539 ac
642 4467 717 4566 jure
757 4466 818 4542 suo
860 4469 1112 4562 dimittentes,

348 4582 517 4667 perpetua
557 4565 750 4643 donatione
790 4569 829 4644 in
866 4571 1017 4648 aliorum
1057 4573 1111 4673 jus

348 4666 623 4745 transferebant.
652 4671 756 4745 Plura
781 4689 899 4746 autem
925 4673 1110 4771 Diploma·

346 4785 385 4845 ta
412 4769 619 4870 supersunt,
654 4770 693 4846 in
720 4771 850 4871 quibus
876 4776 1109 4874 Imperatores

345 4873 382 4946 δι
411 4877 522 4974 Reges
548 4871 658 4948 alicui
685 4874 802 4968 bona,
828 4899 908 4973 qnae
933 4876 997 4972 ipse
1022 4879 1107 4950 ordi·
1146 4931 1176 5002 E

346 4997 387 5046 ne
421 4976 553 5072 possidet
585 4975 822 5069 Beneficiario,
861 4978 907 5052 ad
939 4980 1107 5076 Proprium

345 5079 567 5156 concedunt:
596 5078 861 5173 dertusensis,
895 5101 933 5156 et
957 5081 1107 5180 quicquid

1162 3154 1208 3228 C'·
1228 3145 1376 3246 elegerit,
1403 3149 1457 3218 vel
1488 3147 1654 3238 voleurit,
1672 3144 1759 3233 ficut
1784 3143 1828 3215 (9·
1845 3144 1892 3214 ¹de
1917 3139 1992 3214 reli·

1227 3254 1299 3346 quis
1325 3249 1537 3346 Proprietatis
1557 3251 1636 3341 suae
1661 3251 1776 3326 rebus.
1812 3245 1928 3340 absque
1953 3273 1991 3317 a.

1225 3351 1343 3442 licujur
1379 3353 1544 3447 poteslatis
1583 3348 1825 3422 contradiiiione
1860 3347 1991 3436 sacrat.

1227 3451 1357 3544 Hisce,
1377 3453 1527 3546 aliisque
1547 3449 1717 3549 ejusmodi
1736 3447 1873 3535 verbis,
1894 3447 1989 3544 quod

1227 3573 1329 3626 antea
1368 3551 1525 3643 Beneficii
1570 3551 1679 3625 titulo
1725 3547 1989 3648 possidebatur,

1225 3655 1438 3752 Proprietatis
1473 3651 1626 3744 deinde,
1663 3648 1719 3724 seu
1755 3650 1891 3723 allodii
1927 3675 1992 3722 no·

1226 3756 1323 3833 mine
1350 3755 1558 3856 possessum,
1595 3754 1638 3827 ad
1665 3751 1902 3851 quoscumque
1931 3749 1992 3824 he·

1225 3859 1322 3933 redes
1349 3857 1481 3933 deferre
1507 3857 1659 3930 licebat.
1685 3853 1791 3951 Quod
1820 3852 1928 3926 eriam
1955 3879 1991 3924 a·

1225 3961 1463 4035 nimadvertas
1490 3959 1625 4050 velim,
1653 3956 1675 4029 sr
1704 3955 1784 4054 quis
1813 3955 1988 4028 Vallallus

1225 4062 1406 4137 Beneficio
1451 4059 1574 4158 aliquo
1615 4062 1658 4133 ab
1698 4055 1861 4131 Ecclesris
1904 4056 1988 4129 dato

1225 4163 1364 4254 fruens,
1400 4162 1438 4236 in
1476 4166 1610 4262 Regem
1638 4159 1888 4258 delinquebat,
1926 4160 1991 4230 Be·

1225 4265 1392 4340 nelicium
1429 4261 1543 4362 ipsum
1571 4263 1825 4336 devolvebatur
1851 4259 1894 4350 ad
1923 4262 1989 4332 Re·

1223 4368 1322 4466 gium
1360 4365 1525 4462 Fiseum;
1562 4391 1674 4460 neque
1710 4363 1800 4436 illud
1834 4359 1988 4460 recipere
2034 4457 2038 4464 .

1224 4487 1361 4567 poterat
1376 4465 1550 4558 Ecclesia,
1572 4464 1633 4538 nist
1657 4492 1717 4564 per
1733 4489 1861 4538 novam
1885 4463 1986 4536 Prin·

1222 4569 1312 4669 cipis
1347 4566 1599 4669 largitionem.
1636 4567 1731 4640 Vide
1766 4565 1934 4640 Chartam
1963 4569 1983 4638 b

1222 4670 1372 4746 Baluzio
1399 4671 1531 4744 editam
1559 4673 1679 4743 Temo
1712 4672 1758 4741 Il.
1784 4667 1981 4766 Capitular.

1221 4799 1297 4872 pag.
1322 4794 1428 4866 1500.
1449 4772 1510 4847 ubi
1526 4775 1636 4844 Anno
1658 4771 1982 4845 Dcccuxxvn.

1218 4876 1349 4972 quidam
1390 4873 1489 4963 nosset
1520 4871 1635 4965 fidelis
1675 4871 1790 4970 (idest
1830 4871 1981 4973 Vallus)

1216 4977 1424 5048 Adeibertus‘
1451 4977 1575 5048 nomine
1600 4976 1764 5049 Asodium
1792 4973 1887 5066 snum
1913 4975 1982 5048 (tc.

1217 5079 1369 5152 Gornobr'o
1393 5076 1538 5178 (Sanssi
1564 5075 1734 5154 Germani
1759 5071 2000 5248 Antilssaodoo,¹

1794 5201 1856 5253 ren
1872 5177 1931 5280 rs)
