4594 6070
433 375 515 462 295
746 341 1136 460 ANTIQUJT.
1188 341 1412 432 MEDll
1462 343 1641 435 Anu!
1862 361 1949 460 296

370 463 459 552 tint,
496 463 577 534 nuba
602 457 773 534 oblivionis
809 466 948 555 remoti,
980 463 1128 562 prosperi
1153 464 1198 536 tA
1236 465 1308 534 clam
1333 463 1463 536 Palatio
1484 487 1542 562 pro
1569 466 1588 504 *
1616 463 1721 553 Ceslro
1747 467 1875 540 Montis
1898 467 2003 555 Aiti,

368 563 556 740 titis
572 563 1131 740 llhmnhhstnt'ltz

367 791 482 842 manat
500 765 655 852 Ecclesiae
673 771 890 860 Scriniarius,
912 772 1064 843 mandato
1086 772 1130 841 θ’

363 889 526 968 praecepto
556 867 704 944 Domini
732 870 935 946 innocentii
972 875 1038 944 ΙΙΙ.
1065 875 1129 947 Pu·

367 995 459 1070 pot,
485 970 603 1066 ligium
627 972 808 1070 homagium
834 1001 916 1044 nunc
936 973 1060 1064 salium
1085 974 1127 1044 ei·

367 1075 440 1142 dem
465 1072 602 1144 Domino
635 1081 745 1171 Papae
776 1077 810 1147 in
837 1076 968 1148 Palatio
1002 1075 1130 1146 Montis

364 1173 532 1267 flasconis
557 1179 579 1244 a
605 1175 751 1250 Comite
779 1175 1053 1267 ildebrandino,
1081 1176 1132 1263 si·

369 1295 421 1346 cut
446 1275 544 1366 vidi,
581 1279 720 1368 audivi,
759 1281 803 1350 (θ’
829 1279 983 1370 intersui,
1020 1280 1065 1349 (θ’
1081 1277 1127 1370 fi·

1237 565 1400 656 Comitatus
1424 570 1464 636 de
1489 568 1657 658 Rosellis,
1696 570 1741 638 Φ
1764 569 1844 642 aliie
1869 570 2005 660 Terris,¹

1238 689 1317 764 qnae
1341 687 1426 738 tener
1451 671 1493 743 ab
1513 695 1568 759 eo,
1589 667 1676 754 ficut
1697 689 1830 766 apparet
1852 692 1909 766 prr
1927 677 2004 742 Pri·

1238 769 1365 864 vilegia
1404 777 1570 843 Romanae
1608 767 1790 854 Ecclehae.
1829 777 1878 844 Et
1921 772 2004 846 tarn

1239 871 1399 942 Dominus
1424 877 1517 968 Papa
1553 871 1724 959 investierit
1746 872 1871 944 dilium
1894 873 2005 945 Comi·

1240 991 1303 1042 tem
1336 976 1391 1046 de.
1410 973 1509 1044 cliilis
1542 973 1700 1064 Castris,
1735 973 1923 1065 Comitatu,
1959 975 2003 1046 D*

1241 1073 1372 1164 Terris,
1399 1099 1500 1148 coram
1526 1075 1670 1147 omnibus
1695 1099 1756 1173 pes
1782 1101 1932 1176 cuppam
1952 1097 2004 1148 ar·

1241 1193 1426 1274 genscum.
1462 1181 1512 1248 Er
1546 1177 1630 1248 inter
1654 1203 1759 1248 omnes
1782 1178 1820 1248 hi
1854 1177 2005 1266 insessae.

1242 1297 1316 1347 runt
1343 1277 1501 1350 Dominus
1526 1279 1724 1350 Theobaldus
1749 1279 1789 1350 ele
1813 1277 2003 1368 Praeseblo,

367 1378 533 1448 deliratem
558 1379 634 1448 olim
659 1381 833 1452 exhibitam
867 1381 968 1452 eidem
993 1381 1130 1453 Domino
1171 1373 1199 1442 B
1242 1378 1400 1450 Dominus
1424 1385 1537 1450 Petrus
1562 1390 1602 1450 ale
1626 1381 1810 1469 Columna,
1845 1381 2003 1452 Dominus

367 1484 478 1573 Papae
503 1483 525 1548 a
547 1479 708 1576 praediilo
733 1483 885 1574 Comite,
894 1481 979 1567 sicut
998 1481 1131 1573 inferius

367 1579 565 1670 continetur,
595 1583 735 1678 publicis
759 1583 863 1655 literis
882 1585 1016 1678 sctibm
1040 1609 1128 1656 cura·

367 1680 427 1753 vi.
462 1687 572 1753 Comes
606 1685 851 1758 ildebrandinus
884 1681 1031 1780 conseffus
1058 1685 1130 1778 suit

367 1781 404 1852 in
423 1783 556 1856 Palatio
582 1785 709 1856 Montis
733 1787 898 1880 Flasconis
914 1813 1014 1859 coram
1034 1809 1128 1885 prae·

362 1881 481 1978 scripte
509 1883 784 1982 Domino'Papa,
807 1888 1026 1984 praesentibus
1045 1887 1126 1983 Epi·

363 1981 486 2080 scopis,
522 1987 781 2077 cardinalibus,
817 1987 978 2080 Praefatio
1013 1989 1127 2075 Urbis,

368 2084 413 2154 (r
439 2087 549 2160 multis
573 2087 707 2159 Clerieis
731 2090 777 2160 D*
800 2091 930 2182 Laicis,
950 2089 988 2183 se
1009 2086 1128 2186 jurasse

359 2183 559 2277 fidelitatem
591 2191 692 2262 eidem
724 2193 862 2265 -Damino
895 2199 1026 2290 Papae,
1055 2193 1125 2286 suc·

367 2285 529 2384 sefforihus
557 2291 656 2384 suis,
692 2294 744 2364 &s
771 2293 928 2381 Ecclesiae
962 2298 1127 2368 Romanae
1167 2303 1199 2374 C

366 2409 468 2464 coram
501 2393 587 2466 libio
621 2395 782 2487 Praesello
802 2391 901 2470 'Pera
925 2402 1124 2487 Samacmo,

365 2493 449 2565 aitte·
474 2498 608 2568 Domini
625 2505 735 2594 Papae
749 2501 947 2591 Senescalco,
973 2499 1020 2569 Θ·
1037 2504 1126 2571 Don-

366 2594 435 2666 n'ito
459 2595 598 2688 ejusdem
622 2599 755 2668 Domini
777 2603 996 2688 subdiacono,
1024 2599 1069 2667 Θ·
1093 2623 1127 2668 eo

363 2715 498 2794 tempore
523 2699 703 2790 Caslellano
721 2699 849 2769 Montis
867 2698 1049 2789 Flastonis.
1078 2703 1126 2768 Et

366 2797 432 2892 ipse
456 2803 566 2869 Comes
591 2799 703 2890 Mense
729 2799 773 2867 Θ
797 2801 850 2869 die
869 2797 1054 2890 supradiilo
1075 2798 1123 2884 s'e·

365 2898 410 2969 cit
433 2899 550 2996 ligium
583 2899 763 2994 homagium
787 2899 871 2970 alifia
896 2897 1032 2970 Domino
1056 2903 1121 2970 Pa·

362 3022 425 3097 pat
450 3001 629 3071 innocentio
654 3023 755 3070 coram
780 2999 971 3097 Episcopis,
1009 2997 1126 3070 Cardi-

367 3101 521 3192 nalibus,
547 3101 708 3190 Praeseilo
735 3101 854 3190 Urbis,
882 3101 927 3170 (θ’
951 3099 1066 3168 multis
1089 3123 1125 3168 a·

365 3203 423 3274 liic
447 3219 515 3275 tam
548 3201 682 3273 Clericis
694 3253 707 3294 ,
742 3202 839 3298 quim
872 3196 982 3276 Laicis
1015 3199 1051 3271 in
1078 3221 1125 3267 eo-

1240 1479 1422 1574 Stepbanus
1454 1482 1495 1551 cle
1520 1489 1665 1553 Roneano
1699 1482 1856 1572 Carzoli,
1891 1481 2006 1554 Domi·

1243 1605 1303 1650 nus
1326 1583 1418 1652 Odcio
1442 1581 1557 1672 luscus
1577 1585 1617 1654 de
1641 1586 1821 1675 Columna,
1847 1584 2005 1656 Dominus

1242 1682 1380 1756 Thomas
1403 1687 1444 1754 cle
1468 1685 1617 1780 Supina,
1653 1685 1811 1758 Dominus
1835 1684 1942 1756 Gaido
1965 1686 2004 1756 ae

1242 1783 1395 1856 Colicae
1421 1787 1568 1876 Manli,
1605 1786 1847 1879 Transmundus
1871 1787 2005 1858 Rubeus

1243 1883 1377 1956 Domini
1410 1893 1521 1982 Papae
1554 1886 1734 1976 Osliarius,
1775 1893 2004 1982 Borgognuntnt

1241 1987 1282 2056 de
1318 1986 1471 2079 Viturbo,
1507 1989 1676 2083 Capitione
1706 1985 1806 2078 filius
1836 1987 2004 2078 johannis

1241 2090 1282 2158 ae
1307 2088 1444 2178 Tineos,
1479 2092 1569 2160 oeae
1593 2095 1634 2160 ae
1659 2094 1776 2162 Graeco
1800 2091 1838 2160 de
1866 2090 2003 2160 nenne.

1241 2211 1302 2281 to,
1333 2187 1444 2262 ¹Guiclo
1476 2199 1518 2262 de
1551 2193 1732 2283 Preciano,
1767 2191 1931 2262 Bermion
1963 2189 2004 2260 de
2098 2185 2100 2190 ’

1243 2293 1459 2384 Walmarzo,
1485 2293 1692 2388 Bulgarellus
1715 2293 1756 2364 ele
1780 2291 2000 2380 Conuersano,

1232 2399 1264 2485 J
1266 2394 1418 2468 ohannes.
1435 2397 1474 2466 cle
1498 2393 1720 2485 Conuersano,
1755 2398 1871 2462 Petrus
1894 2393 1934 2460 de
1958 2397 2001 2458 O·

1239 2495 1373 2586 livero,
1413 2495 1612 2584 Wiuezellus
1650 2495 1690 2562 de
1728 2488 1999 2582 Monrehascone,

1240 2594 1452 2684 Bonactursns
1460 2647 1471 2682 ,
1480 2590 1729 2687 Bonafidanza,
1743 2591 2000 2665 Bartholomaeus

1237 2701 1278 2764 de
1302 2693 1490 2766 Donadeis.
1687 2729 1690 2738 ¹

1288 2797 1363 2890 Ego
1381 2794 1565 2888 ,Jobannes
1596 2796 1637 2866 ele
1674 2791 1792 2868 senua
1826 2791 1998 2868 Cannensis

1236 2896 1375 2968 suetae
1399 2887 1566 2966 Romanae
1600 2895 1758 2978 Ecclesiae
1781 2895 1998 2984 Striniatius,

1228 2994 1313 3078 sicut
1337 2995 1433 3084 vidi,
1459 2993 1597 3082 audivi,
1625 2998 1669 3065 D·
1691 2995 1844 3090 interfui,
1864 2995 1997 3093 scripst,

1233 3095 1414 3192 ansas,
1441 3094 1487 3164 o
1510 3094 1654 3188 aester.

362 3461 639 3568 Jussmentum
673 3447 871 3540 fidelitatis
902 3447 1070 3539 Domini
1100 3443 1295 3536 Bonifatii
1326 3443 1500 3536 Comitis
1519 3443 1711 3562 Palatini,
1741 3447 1993 3544 &nobilium

422 3573 599 3662 virorum
631 3569 832 3683 Raynsldi
862 3573 901 3656 δι
932 3569 1106 3658 Gentilis
1137 3566 1211 3653 lilii
1240 3565 1322 3681 ejus
1352 3567 1400 3652 de
1431 3572 1620 3680 Ancaya,
1651 3575 1774 3658 Anno
1808 3601 1933 3685 1225.

410 3812 448 3879 N
470 3805 592 3878 nomine
620 3803 778 3892 Domini,
813 3825 929 3878 amen.
963 3809 1066 3880 Anno
1090 3833 1121 3877 e.

360 3809 404 3990 Ι
429 3905 486 4002 jus
514 3903 689 4002 Millesirno
719 3903 934 3991 Ducentesimo
968 3905 1123 4004 Vigesimo

1235 3797 1421 3900 euangeliis,
1449 3801 1583 3896 juravit
1607 3805 1651 3876 ah
1675 3804 1737 3878 illa
1769 3806 1846 3879 hta
1870 3807 1907 3878 in
1931 3826 1992 3882 an-

1234 3924 1285 3976 rea
1302 3903 1434 3997 fidelem
1459 3902 1515 4000 effe
1540 3913 1642 3980 Beato
1667 3913 1781 3998 Petro,
1809 3911 1854 3980 D·
1877 3913 1991 3983 Domi·

361 4011 517 4105 Quinto,
560 4006 736 4079 indilliouc
771 4011 865 4082 Xlll.
895 4007 1035 4106 septimi
1067 4009 1122 4082 alie
1234 4031 1275 4076 na
1309 4005 1448 4076 Honorio
1481 4011 1610 4080 Summo
1644 4009 1800 4102 Pontifici
1812 4066 1824 4104 ,
1844 4010 1989 4109 ejusque

361 4113 504 4184 instance
524 4109 635 4201 Mense
652 4110 822 4208 Auguslo,
846 4110 1034 4204 temporibus
1051 4115 1119 4185 Do·
1165 4103 1196 4176 E
1226 4103 1444 4200 successorihus
1485 4109 1630 4182 canonice
1673 4109 1898 4205 intrantibus,
1943 4117 1988 4187 (9¹

359 4214 443 4285 mini
480 4213 614 4307 Honoris
653 4219 763 4308 Papae
801 4217 864 4288 lli.
903 4215 946 4284 (Ψ
985 4214 1121 4286 Domini

360 4313 521 4388 friderici
560 4318 605 4386 ll.
641 4321 856 4386 Romanorum
894 4317 1118 4412 imperatoris.

360 4417 493 4488 Clareat
529 4414 673 4486 omnihus
706 4417 750 4483 D·
781 4413 923 4510 singulis
956 4417 1119 4510 manifesle

356 4517 548 4615 praesentem
586 4515 741 4613 paginam
782 4511 996 4611 inspehiuris,
1035 4521 1119 4615 quod

360 4616 537 4692 Dominus
564 4613 794 4704 Bonifatius,
821 4619 892 4689 D'ei
906 4619 1020 4715 gratis
1043 4623 1114 4694 Co·

360 4745 432 4796 mes
469 4719 674 4811 Palatinus,
710 4715 807 4794 filius
841 4719 931 4794 olim
958 4720 1116 4796 Comitis

1233 4207 1388 4292 Ecclesiae
1422 4215 1605 4284 Romanae.
1641 4216 1690 4282 Et
1724 4215 1806 4310 quod
1839 4241 1901 4288 non
1926 4223 1988 4288 eris

1234 4310 1268 4380 in
1291 4309 1379 4400 sallo
1405 4338 1499 4408 neque
1525 4313 1560 4384 in
1586 4311 1737 4406 consilio,
1772 4318 1890 4388 autin
1916 4346 1988 4390 con.

1225 4411 1340 4503 sensu,
1367 4434 1403 4482 ut
1427 4414 1532 4488 vitam
1553 4420 1693 4512 perdant
1717 4435 1775 4488 aut
1796 4423 1987 4514 membrum,

1228 4515 1285 4582 vel
1309 4513 1476 4610 capiantur
1493 4517 1581 4590 mala
1604 4519 1762 4614 captione.
1789 4519 1986 4614 Consilium,

1227 4617 1311 4711 quod
1339 4637 1398 4712 per
1426 4615 1462 4706 se
1494 4619 1550 4687 vel
1563 4659 1569 4668 ·
1583 4642 1642 4714 per
1669 4620 1764 4711 secum
1797 4622 1984 4713 Nuntium,

1226 4737 1285 4788 aut
1306 4739 1364 4814 per
1380 4716 1460 4810 suas
1477 4717 1588 4790 literas
1606 4719 1673 4805 sibi
1689 4721 1982 4814 maniseslaverint,

358 4821 621 4912 ildebrandini,
648 4823 684 4893 in
702 4823 849 4894 manibus
875 4821 1008 4894 Domini
1032 4825 1113 4894 Hia·
1224 4821 1270 4890 at
1293 4845 1395 4890 comm
1419 4820 1626 4914 dammum-se
1640 4871 1644 4880 ·
1653 4822 1769 4914 sciente
1794 4825 1880 4894 nelli
1900 4845 1984 4919 pan·

295 4933 299 4944 '
357 4926 466 5022 cynthi
492 4925 611 4999 Domni
636 4931 745 5022 Papae
769 4925 967 5021 Capeliani,
993 4928 1039 4996 acl
1062 4927 1116 4996 hot

351 5028 531 5124 specialiter
564 5027 666 5123 missi,
701 5024 797 5100 tablis
823 5025 1031 5122 surosanilis
1064 5031 1111 5100 E·

1223 4923 1301 4994 det.
1335 4923 1376 4994 si
1409 4947 1513 4996 eorum
1546 4943 1660 4995 certum
1694 4927 1845 4998 damnum
1878 4919 1983 5016 scius.

1196 5009 1201 5086 l
1224 5025 1291 5114 rit,
1311 5022 1344 5111 si
1362 5020 1484 5122 posset,
1518 5049 1674 5102 remanere
1691 5026 1819 5122 saciet,
1847 5025 1902 5112 fin
1927 5053 1989 5100 au·

1851 5147 1935 5224 ren,
