4550 6072
297 390 381 498 483
620 378 989 467 nrssrnruno
1029 375 1489 468 rmrrnnncnur.
1726 383 1815 496 4r4

240 556 266 597 ‚,
292 507 326 576 δε
355 493 580 602 proprietatis
611 499 757 593 nollris,
783 501 818 572 δι
847 495 999 598 parenti·
1039 507 1087 574 A.
1110 519 1197 588 tare,
1224 509 1350 594 quando
1374 499 1509 568 debeant
1537 495 1770 590 firramenrum
1804 509 1872 576 Dr.

241 660 267 698 „
295 607 357 702 bus
384 601 506 676 nostris
541 600 759 700 fecissemus,
785 603 821 674 δι
856 625 920 674 nos
947 599 1002 672 in·
1081 577 1176 702 inni
1195 600 1300 696 Regis
1314 594 1494 696 pruniffurn
1512 599 1557 668 Ο·
1568 599 1694 689 felium
1712 601 1870 697 humant,

241 762 267 802 „
293 703 464 805 terrogati
491 703 534 778 ad
560 702 622 802 ipsr
634 755 766 780 .......
800 701 825 775 li
851 699 1001 776 nostram
1111 723 1147 774 ut
1173 701 1253 799 quid
1278 699 1354 772 inde
1371 699 1516 792 scirent,
1542 721 1625 772 certa
1649 701 1788 775 dicerent
1814 734 1873 777 rre-

242 864 268 902 „
295 807 486 907 approbare
527 804 755 908 potuillemus
795 803 1000 880 Libertate.
1110 804 1260 878 ritatem.
1288 805 1327 874 ln
1349 801 1465 896 primis
1482 800 1693 900 suprascripto
1709 808 1795 877 Prde
1820 807 1872 880 iu.

242 965 268 1004 „
295 913 343 982 Et
363 933 426 982 nos
450 905 622 981 manifesti
646 905 778 981 fuimus
802 931 865 1006 pro
890 903 1001 980 nostra
1109 906 1165 1002 qui
1178 925 1244 976 rtur
1267 902 1378 975 dixit:
1403 900 1507 992 Scio,
1533 902 1589 977 isti
1610 901 1740 995 Ursus,
1761 909 1871 984 Boni.

243 1067 269 1106 „
298 1027 500 1112 paupertate
519 1008 741 1084 Libertatem
764 1009 913 1084 nostram
933 1005 1000 1080 mi·
1114 1023 1257 1106 pertus,
1276 1001 1511 1110 Hildelredus'
1524 1005 1592 1078 διε.
1614 1003 1656 1078 de
1683 1005 1785 1080 bonis
1812 1035 1873 1108 pa.

242 1111 393 1209 „nime
427 1111 593 1212 aprobare
633 1123 857 1208 peteremus.
897 1113 1002 1184 Tune
1110 1107 1268 1184 rentibus
1303 1103 1411 1180 nati.
1447 1107 1605 1180 Tantum
1642 1106 1773 1181 habent
1806 1111 1872 1185 ali·

241 1269 271 1312 „
297 1240 358 1314 per
382 1213 544 1303 Judicum
573 1209 745 1310 judicium
772 1210 871 1286 dedit
900 1211 1002 1286 nobis
1110 1208 1253 1310 quantia
1279 1204 1374 1286 Cafis
1399 1208 1436 1280 dr
1473 1208 1576 1283 rebus
1601 1207 1639 1282 in
1675 1209 1867 1298 Blestatio:

175 1353 195 1370 ν
241 1371 269 1413 „
295 1313 448 1388 wadiam
484 1311 545 1390 iste
571 1308 761 1414 Adelgisn'r
794 1311 1003 1390 Advocatue
1111 1312 1203 1386 unde
1222 1307 1400 1386 faciebant
1425 1333 1547 1410 operas
1566 1309 1608 1384 ad
1633 1303 1869 1389 cut-remfre-

241 1471 268 1512 ‚,
297 1441 356 1516 per
383 1414 504 1507 testes,
531 1433 592 1489 aut
626 1415 892 1514 inquifitionem
923 1439 999 1514 pro·
1042 1411 1069 1482 B
1109 1412 1375 1490 latiolo.Nam
1394 1408 1572 1485 decorum
1590 1411 1744 1512 personis
1767 1413 1870 1490 num·

243 1571 269 1616 „
296 1516 473 1608 bandum,
508 1515 662 1614 qualiter
696 1543 761 1590 nor
796 1515 901 1590 Aldii
937 1515 1003 1590 else
1109 1541 1215 1612 quarn
1241 1542 1266 1588 o
1311 1539 1364 1588 raa
1391 1513 1688 1589 condicionaliter
1712 1514 1870 1594 fecerunt

243 1673 269 1716 ‚,
295 1619 498 1692 deberemus
522 1617 645 1694 Curtia
669 1617 821 1717 ejusdem
848 1617 1001 1690 Palatio·
1108 1618 1143 1688 br
1171 1616 1241 1689 alia
1264 1538 1404 1688 iliorum
1433 1614 1647 1716 proprietate
1662 1616 1702 1690 in
1727 1615 1869 1694 suorum

243 1773 269 1816 ‚‚
296 1721 356 1810 lo,
383 1721 417 1791 δι
454 1745 518 1814 pro
545 1717 699 1818 personis
734 1718 859 1792 nostris
889 1719 924 1791 δι
951 1745 999 1792 re·

242 1875 269 1916 „
297 1821 381 1910 bus,
410 1845 496 1916 quas
532 1819 734 1910 aberratur,
762 1845 884 1919 operas
919 1845 999 1894 con·

243 1963 275 2016 „·
295 1919 524 1994 dicionaliter
549 1947 613 1994 nos
648 1923 682 1993 u.
711 1921 914 2020 parentibus
940 1947 1000 1994 no-

242 2075 269 2118 „
294 2021 369 2096 liris
395 2022 438 2094 ad
467 2020 579 2120 ipsam
605 2025 752 2097 Curtem
789 2021 1002 2098 fecissemus.

243 2177 270 2220 ‚‚
295 2129 343 2198 Et
367 2149 431 2196 nos
453 2122 487 2196 ei
506 2121 666 2198 dedimus
689 2123 841 2198 wadiam
862 2123 904 2198 de
929 2126 1002 2224 pla·

242 2278 268 2319 „
295 2223 430 2298 citum.
456 2227 505 2296 Et
532 2225 637 2298 hodie
663 2224 790 2298 exinde
816 2225 911 2300 inter
938 2252 1001 2298 nos

1111 1717 1185 1814 jure
1218 1718 1255 1789 dt
1289 1714 1475 1810 Libertate
1511 1717 1663 1794 abente.
1701 1721 1870 1794 Predr'iius

1109 1817 1316 1914 sigifredus,
1341 1817 1481 1909 Gausari
1507 1821 1576 1892 &a
1601 1817 1746 1918 inquisiti
1770 1821 1872 1894 bomi-

1111 1943 1164 1990 ner
1182 1917 1336 2002 similiter
1358 1919 1529 1991 dixerunt.
1546 1921 1784 2017 Suprascriptus
1807 1931 1871 1998 Pe·

1111 2041 1180 2092 trus
1203 2018 1346 2092 Sraoino
1368 2019 1477 2112 dixit,
1503 2025 1586 2118 quod
1609 2029 1649 2094 de
1672 2047 1775 2094 eorum
1798 2047 1872 2126 per·

1109 2120 1249 2192 tinentia
1274 2121 1357 2192 nibil
1376 2121 1473 2214 sciret
1498 2123 1567 2196 &a
1586 2127 1801 2222 interrogatus
1825 2127 1871 2215 eli

1109 2221 1173 2319 ipse
1196 2221 1378 2316 Adeigisur
1393 2227 1607 2313 Adventus,
1621 2225 1654 2307 fi
1670 2229 1776 2298 aberet
1799 2213 1871 2300 ani·

240 2379 268 2420 ‚„
295 2324 355 2398 hle
389 2324 428 2399 in
459 2323 594 2424 judicio
629 2327 801 2424 placitum
837 2324 1000 2400 constitu·
1037 2330 1069 2402 C
1106 2323 1196 2422 plius
1219 2321 1437 2420 boninerper
1476 2323 1707 2420 inquifirionern
1732 2347 1790 2398 aeut
1823 2349 1871 2400 re·

206 2425 210 2436 '
242 2480 269 2521 „
295 2444 372 2500 tum
408 2424 454 2498 est
491 2427 735 2524 probationem
776 2425 1002 2519 faciendum,
1102 2429 1183 2514 jun
1208 2441 1268 2496 aut
1301 2423 1402 2498 uliam
1429 2421 1652 2516 firmitatem,
1685 2447 1742 2523 per
1775 2453 1872 2526 quam

241 2581 267 2624 ,‚
293 2525 545 2628 &legitimam
564 2525 761 2604 faciendum
779 2527 884 2604 finem
897 2583 907 2620 ,
919 2555 1003 2626 que·

241 2629 404 2724 „rimus
432 2654 492 2728 per
516 2625 784 2728 inquisitionem
811 2647 872 2702 aut
904 2631 1002 2704 telles

241 2785 267 2834 „
293 2730 396 2804 nobis
431 2729 614 2828 aprobati,
649 2728 735 2804 ficut
772 2746 812 2804 ut
846 2728 1001 2830 superius

242 2877 268 2926 ,ῃ
292 2829 446 2904 wadiam
468 2832 587 2906 dedit.
611 2834 675 2904 Ad
698 2836 751 2904 bec
774 2831 931 2929 respondit
953 2832 1000 2929 ip·

234 2933 271 3024 st
295 2931 474 3021 Adelgisus
491 2935 708 3000 Advocatum·
727 2979 754 3017 „
776 2935 892 3018 vert,
916 2931 1001 3004 ficut

242 3081 269 3124 „
297 3053 359 3100 uos
380 3025 509 3114 Ursus,
526 3025 738 3123 Bonipertus
756 3027 824 3100 lire.
842 3025 1001 3116 dixistis,

242 3182 269 3223 „
296 3127 348 3202 ita
375 3153 439 3200 nos
474 3125 723 3215 mallauimus,
749 3127 784 3198 δι
813 3125 907 3200 inter
936 3153 1000 3202 nos

1111 2526 1244 2623 ipserum
1260 2524 1373 2616 Uesuui
1381 2579 1392 2616 ,
1407 2525 1576 2622 Boniperti
1584 2580 1595 2616 ‚
1610 2527 1793 2619 Hildefrerti
1800 2531 1870 2606 &n

1108 2632 1148 2700 de
1166 2627 1295 2720 suerrum
1320 2626 1483 2699 Libertate
1516 2627 1703 2720 inebriare,
1729 2651 1788 2704 eut
1819 2658 1872 2705 eor

1090 2730 1144 2799 in
1170 2727 1349 2800 Servitium
1374 2728 1420 2798 Φ·
1443 2729 1634 2802 Aidiarieiu
1666 2731 1779 2803 Curris
1803 2739 1871 2808 Pr.

1107 2829 1219 2904 latinio
1243 2829 1392 2925 replicare
1413 2830 1524 2924 poffit.
1544 2832 1615 2932 Qui
1640 2831 1705 2928 ipse
1727 2835 1872 2932 Adeigi·

1105 2929 1160 3018 [us
1183 2932 1377 3004 Adventus
1401 2930 1561 3020 manifeste
1584 2931 1672 3002 dixit
1694 2933 1739 3005 (9·
1753 2935 1871 3031 prosefi

1103 3028 1161 3116 sus
1186 3028 1255 3116 est,
1281 3031 1364 3122 quud
1387 3031 1523 3101 muitum
1547 3059 1586 3104 err
1617 3033 1676 3106 bau
1700 3035 1799 3130 eausa·
1819 3037 1872 3110 in·

1109 3123 1272 3220 misisset,
1299 3127 1386 3194 nuru
1411 3127 1533 3198 bomine
1558 3133 1791 3227 inquifitirnenr
1816 3159 1870 3212 nte
1901 3143 1904 3148 ’

240 3281 270 3324 „
294 3227 411 3302 alium
439 3227 506 3318 eli,
528 3229 563 3300 δι
592 3225 712 3300 taliter
737 3226 841 3302 uobis
865 3254 926 3328 per
951 3245 1000 3304 te·
1037 3228 1071 3300 D
1109 3224 1233 3317 restem,
1260 3225 1442 3321 nullamque
1458 3225 1620 3317 firmitate
1645 3231 1790 3308 inuenire
1810 3261 1870 3334 po.

241 3381 269 3425 „
294 3327 356 3404 stes
383 3347 444 3402 aut
470 3327 735 3502 inquisrtionem
761 3329 1000 3426 probandum,

241 3485 268 3526 ‚,
294 3430 446 3504 wadiam
471 3429 513 3504 de
539 3429 617 3520 illi,
638 3427 724 3503 ficut
748 3429 933 3514 alleruilli.
952 3435 1001 3506 Et

241 3585 266 3625 „
295 3559 357 3605 vos
385 3528 475 3604 mihi
501 3529 655 3622 wadiam
691 3529 831 3604 dedistis
857 3530 899 3606 de
926 3535 996 3632 pla·

1110 3324 1238 3421 tuiffet,
1269 3351 1324 3396 nec
1356 3325 1483 3400 haberer
1516 3328 1585 3401 &a
1619 3332 1790 3430 Similique
1823 3339 1870 3408 Θ·

1109 3425 1172 3523 ipse
1196 3427 1378 3521 sigifredus
1394 3433 1502 3500 Comes
1519 3429 1764 3526 manifestavit,
1783 3435 1870 3520 lr'cut

1108 3528 1172 3624 ipse
1204 3527 1365 3624 Adaigrfi
1392 3532 1601 3604 Armenes.
1630 3537 1713 3604 Curn
1730 3535 1791 3632 ipsi
1812 3546 1869 3610 A.

240 3686 265 3726 „
293 3633 425 3706 citum.
457 3635 504 3706 Et
530 3630 635 3706 hodie
662 3629 790 3705 exinde
815 3631 910 3708 inter
935 3659 999 3708 nos
1080 3629 1271 3726 ,adelgisum
1297 3631 1341 3700 O·
1369 3625 1444 3724 jane
1475 3630 1582 3702 diuus
1615 3638 1724 3706 Comes
1755 3639 1867 3712 taliter
2027 3671 2030 3678 ’

239 3734 470 3828 „Placitum
507 3733 646 3808 milium
673 3732 719 3806 est
753 3732 813 3806 hle
842 3735 881 3806 in
908 3733 998 3833 judi·
1108 3730 1265 3822 manifesti
1289 3729 1335 3801 (9·
1354 3730 1479 3826 profeffi
1497 3730 1629 3828 suiffenr
1656 3737 1724 3811 &a
1750 3741 1867 3835 paruit

240 3887 266 3928 „
293 3832 352 3908 cio
387 3833 485 3908 testes
521 3836 578 3907 uel
618 3831 883 3931 inquifitionem
924 3834 998 3933 ipsa
1100 3831 1295 3930 supradiiiir
1318 3833 1558 3925 eruditoribus,
1585 3837 1629 3906 Ψ
1647 3837 1726 3909 reite
1744 3842 1789 3912 O·
1808 3843 1866 3936 ju·

239 3987 266 4029 „
291 3933 466 4022 dandum,
489 3935 524 4006 δι
551 3931 713 4030 legitima
738 3935 997 4036 percipiendam
1106 3933 1319 4024 dicaverunt,
1346 3955 1383 4006 ur
1411 3932 1511 4027 juxta
1535 3961 1637 4006 eurum
1663 3937 1866 4016 intentionenr
1934 3925 1937 3939 ¹

240 4087 266 4130 „
293 4033 421 4110 finem.
457 4037 548 4108 Ecce
583 4033 642 4109 hle
668 4035 748 4110 sunt
785 4037 997 4114 Nobiles&
1107 4034 1390 4128 &profeffionem
1403 4034 1460 4126 seu
1474 4036 1865 4126 manisejiarionemenruru

239 4137 485 4231 „Credentes
511 4135 673 4210 homines
696 4137 792 4210 eirca
818 4155 998 4216 manentes
1042 4133 1072 4204 Ε
1105 4135 1260 4231 Adergist
1284 4137 1455 4208 Advocato
1489 4137 1534 4208 Φ
1567 4139 1725 4234 Sigifredr'
1758 4147 1865 4216 Comi-

239 4291 265 4332 „
292 4239 364 4314 loci
388 4237 515 4337 ipfius,
539 4263 600 4330 per
621 4263 710 4336 quos
726 4237 861 4334 credo,
887 4239 910 4312 sr
937 4267 997 4316 eos
1106 4237 1172 4328 ris,
1199 4237 1243 4306 (t
1268 4255 1305 4306 ur
1323 4235 1504 4332 supradidli
1536 4241 1733 4314 denominari
1765 4245 1865 4318 honi·

238 4339 476 4438 „inquiritis
517 4337 661 4414 iliorum
710 4337 914 4416 hominibus
953 4343 996 4416 ad
1107 4363 1190 4428 ner,
1224 4357 1263 4408 ut
1289 4335 1389 4434 supra
1418 4357 1477 4434 per
1511 4338 1744 4438 inquisitionem
1775 4347 1866 4436 relli-

238 4493 264 4532 .‚
290 4437 995 4620 mmnumm·
1097 4436 1420 4630 utnru
1480 4543 1674 4634 .
1701 4443 1864 4641 un

1174 4593 1186 4630 r
1237 4615 1239 4621 ι
1429 4593 1441 4629 r

234 4593 264 4737 Ζ
289 4643 331 4716 ad
359 4639 435 4741 ipso
461 4641 618 4744 Adelgisr
644 4643 855 4718 Advocato.
947 4571 969 4646 P
1104 4643 1209 4714 butus
1233 4643 1392 4714 Presliter
1413 4643 1483 4715 &a
1507 4646 1548 4716 de
1574 4599 1702 4738 suorurir
1724 4649 1865 4744 persenit

246 4795 250 4804 -
287 4747 329 4818 ld
343 4744 448 4838 sunt,
473 4747 560 4818 Pado
583 4749 624 4816 de
646 4745 835 4836 lauriano,
860 4746 995 4844 sigifre-
1106 4744 1201 4817 liberi
1225 4739 1282 4837 effe
1304 4763 1483 4839 permanere
1499 4746 1646 4818 deberent
1670 4765 1796 4820 tanturn
1821 4752 1866 4823 i!-

200 4879 202 4884 ·
236 4847 318 4934 dur,
336 4845 496 4938 Gausari,
517 4846 561 4916 0
579 4853 692 4918 Petrus
709 4847 851 4918 Scaeuino
865 4849 905 4918 de
918 4849 994 4920 1³01·
1105 4845 1149 4916 iis
1181 4843 1260 4930 rufis
1294 4845 1338 4915 Θ·
1373 4847 1463 4918 rehtu
1494 4849 1536 4918 de
1568 4845 1748 4940 Bielintio,
1780 4854 1865 4946 qaod

1106 4943 1191 5042 ipst,
1217 4965 1255 5018 ut
1273 4945 1373 5042 supra
1397 4945 1592 5036 manifestati
1609 4947 1768 5038 fuerunt,
1793 4972 1865 5047 ope.

1106 5071 1159 5122 ras
1186 5041 1349 5142 Jeriffent,
1389 5047 1473 5144 quud
1498 5045 1578 5140 [unt
1597 5047 1863 5146 ,pernominatiue

1751 5168 1813 5247 W

236 4948 349 5022 iianno
373 4949 442 5021 &a
468 4955 558 5020 Tunc
575 4950 783 5020 Advocantes
806 4973 856 5020 rur
879 4952 992 5022 Audi·

214 5067 315 5126 mres
340 5048 423 5150 ipfi,
449 5050 493 5122 Θ
518 5046 665 5147 adjurati
686 5049 721 5122 in
738 5047 810 5140 fide
836 5052 881 5124 (9·
905 5051 991 5126 vrri·
