4592 6066
347 415 429 502 393
641 383 1567 478 nrrrnrrnrronuonncrnn.
1780 422 1863 502 394

284 499 484 596 Chartam,
517 503 587 578 boc
622 502 669 578 est
703 501 957 602 subscriptione
984 503 1040 580 fir·
1084 505 1118 578 Α
1161 502 1367 578 servavere.
1400 507 1569 578 Ceterum
1603 501 1686 578 laeie
1717 501 1829 580 fallax
1855 501 1923 576 esse

283 603 478 705 mandem';
514 604 589 704 ipse
614 609 699 678 verb
726 605 867 680 tandem
890 607 959 704 posi
977 629 1042 680 rm·

282 707 387 778 diram
413 703 476 780 suo
499 703 643 780 nomine
670 705 826 806 apposrto
846 710 1044 804 complebat,-

283 831 323 880 ac
351 804 533 907 personis,
557 831 705 906 quarum
732 807 906 900 intereat,
932 807 1043 904 ipsam

282 906 455 984 Chartam
496 908 737 984 authenticam
777 912 913 1003 dabar,
959 909 1046 984 idesl

282 1008 514 1084 dimittebat.
542 1016 636 1084 Dare
662 1027 779 1084 autem
806 1011 983 1086 chartulae
1006 1038 1043 1084 a·
1073 1093 1074 1098 ,

283 1137 323 1182 aa
347 1129 451 1182 tenore
473 1111 658 1208 conscriptae
684 1111 932 1204 tradebantur,
958 1110 980 1184 si
1006 1139 1044 1186 u·

281 1207 439 1310 triusque
454 1211 693 1288 contrahentia
708 1213 877 1290 intererat
893 1237 969 1290 eam
984 1211 1044 1288 ha·

282 1311 432 1386 beremd
458 1311 511 1388 sui
546 1313 635 1416 juria
670 1317 846 1394 tutelam.
870 1319 1044 1390 Attamen

1161 604 1334 704 judicium
1370 604 1506 706 poteli;
1539 630 1654 704 neque
1687 604 1783 679 euim
1819 602 1922 678 dubi·

1161 725 1228 798 to,
1266 706 1357 805 quin
1394 709 1617 794 membranae
1653 704 1768 778 adbuc
1788 704 1922 804 'super-

1160 803 1226 880 smt
1242 862 1272 898 „
1290 835 1382 908 quae
1405 807 1502 882 inter
1525 833 1592 903 apo
1618 805 1725 904 rapha
1752 805 1858 880 serius
1884 807 1921 879 δε

1158 910 1266 1009 longe
1292 911 1355 984 diu
1381 908 1494 1009 postea
1521 832 1708 995 consessa,
1743 905 1922 982 recensen-

1158 1008 1205 1084 da
1245 1009 1340 1104 srnt,
1378 1035 1580 1108 quanquam
1614 1011 1755 1084 nullum
1790 1005 1846 1080 ibi
1878 1008 1920 1082 de

1158 1109 1721 1288 fl‘lllllllallllllr
1745 1109 1921 1286 diiii?

1113 1384 1116 1390 .
1157 1311 1309 1432 spicari,
1344 1314 1496 1390 minime
1528 1312 1695 1411 iniquum
1729 1310 1798 1386 sit.
1830 1313 1921 1386 Ter·

280 1415 316 1488 &
343 1403 381 1486 in
418 1412 513 1490 hisce
546 1414 693 1490 chartis
727 1419 847 1492 locum
880 1417 947 1491 elle
982 1443 1042 1515 po·
1087 1409 1118 1480 Β
1157 1433 1251 1501 trum
1290 1415 1445 1515 denique
1483 1415 1697 1493 Chartarum
1736 1439 1847 1516 genus
1885 1439 1920 1486 e·

279 1514 383 1590 tuisse
408 1514 522 1590 fraudi
541 1541 648 1590 nemo
666 1542 738 1590 non
762 1517 960 1616 intelligit.
986 1523 1042 1592 Se·

280 1617 397 1692 cundo
436 1613 527 1690 aliae
567 1643 796 1718 pergamenae
832 1635 1044 1710 nccununt,

280 1713 319 1790 in
346 1715 476 1814 quibus
501 1719 601 1792 nulla
634 1718 716 1801 sunt
751 1715 1042 1796 subscribentium
1095 1749 1098 1755 ¹

279 1815 421 1891 testium
456 1817 627 1918 velligia,
664 1818 721 1893 sed
758 1821 931 1904 Notarius
965 1839 1042 1895 tan·

279 1922 405 1992 tuma
441 1919 633 2020 primitivo
667 1923 864 2020 exemplari
898 1945 1042 2022 apogra-

279 2019 390 2118 phum
416 2018 616 2110 deducens,
642 2021 724 2104 illic
748 2025 1044 2124 nonexprimit,

280 2117 338 2193 sed
365 2121 470 2196 unicd
499 2119 738 2205 ‘charaslerum
774 2123 888 2200 sormi
922 2125 1043 2200 innuit

279 2221 386 2316 Signa
409 2249 441 2292 m
466 2249 520 2312 m,
546 2221 631 2296 idest
653 2251 802 2298 manuum
828 2224 1043 2326 fingulorum

278 2319 443 2411 testium,
468 2339 546 2396 turn
573 2323 608 2397 se
636 2323 847 2404 subscribit.
881 2326 1043 2429 Ejusmo-

278 2419 317 2494 di
352 2420 504 2496 Chartas
542 2425 781 2502 nibilominus
818 2428 1044 2504 authenticas

278 2521 368 2615 eise,
407 2519 561 2597 fateatur
598 2527 801 2624 quicunque
839 2529 973 2605 nostrae
1007 2557 1042 2604 e·

280 2622 370 2698 tiam
397 2623 523 2698 aetatis
548 2625 640 2704 ritus
658 2653 699 2700 ac
724 2629 979 2704 Tabellionum
1000 2629 1041 2704 fi·

195 2773 197 2778 .
279 2723 361 2805 dem
386 2726 516 2801 novit.
553 2727 619 2803 Sed
653 2728 697 2804 ad
734 2747 832 2804 certo
865 2729 1042 2804 affirman-

279 2825 389 2918 dum,
422 2854 499 2902 eam
535 2856 656 2904 revera
690 2829 757 2904 elie
817 2829 902 2906 rimi
936 2830 1045 2932 ipsius

281 2924 428 3001 Notarii
445 2925 652 3025 scripturam
669 2953 709 2998 ac
729 2859 1045 3024 subscriptionem,

281 3023 520 3101 cbarabierum
548 3025 658 3100 etiam
686 3025 942 3124 antiquitas&
974 3027 1045 3100 sor·

283 3151 344 3200 ma
383 3123 526 3199 accedat
565 3143 734 3224 oportet;
775 3124 909 3226 fingula
947 3125 1045 3200 enim

282 3227 407 3304 Secula
440 3225 491 3308 ac,
509 3223 662 3327 singulae
701 3225 913 3300 Provinciae
944 3251 1046 3326 pecu·
1086 3237 1121 3306 D

282 3328 408 3404 liarern
431 3325 589 3426 aliquant
609 3326 799 3431 scripturae
816 3325 967 3430 speciem
985 3328 1047 3404 ob·

1156 1519 1299 1614 xempla
1325 1517 1424 1618 ipsa,
1458 1517 1529 1591 boc
1553 1517 1601 1590 ell
1624 1513 1824 1616 apographa
1849 1512 1919 1588 rite

1157 1618 1392 1710 concinnata,
1419 1618 1660 1718 conilituunt3
1687 1641 1798 1713 quum
1825 1613 1919 1690 scili·
2036 1711 2037 1716 ἵ

1158 1737 1214 1792 cet
1240 1719 1484 1794 authenticum
1520 1719 1671 1820 alicujus
1698 1715 1845 1794 Notarii
1879 1713 1920 1788 si·

1157 1819 1195 1892 bi
1222 1819 1391 1920 propofiti
1417 1823 1506 1896 alter
1533 1819 1705 1894 Notarius
1729 1818 1919 1892 innovant

1157 1945 1402 2020 pergamenam
1421 1921 1617 2013 rescrebat,
1640 1923 1675 1994 &
1702 1919 1920 1994 subscribens

1155 2021 1370 2114 testabatur,
1404 2022 1439 2098 se
1466 2049 1508 2098 ea
1535 2051 1581 2098 ex
1616 2020 1836 2122 autographo
1861 2019 1950 2112 dep

1156 2121 1330 2200 sumsisse.
1358 2129 1546 2200 innumera
1573 2141 1692 2200 autem
1718 2147 1847 2222 apogra
1873 2120 1918 2216 ba
1945 2189 1948 2198 .

1155 2223 1355 2323 hujusmodi
1371 2225 1575 2300 authentica
1595 2225 1635 2299 in
1653 2222 1828 2298 Archivis
1845 2149 1920 2321 spe·

1081 2325 1115 2397 C
1155 2325 1283 2400 blanda
1316 2325 1349 2402 se
1385 2327 1581 2426 praebent,
1616 2327 1638 2397 l
1673 2321 1919 2422 posterioribus
2002 2393 2006 2402 .

1156 2425 1322 2502 Notariis
1338 2421 1519 2518 consesla,
1546 2427 1691 2527 jubente
1716 2422 1918 2515 interdum,

1155 2545 1217 2602 aut
1242 2526 1448 2604 facultatem
1475 2523 1822 2628 dante“Episcopo,
1855 2539 1917 2598 aut

1157 2627 1388 2728 Reipublicae
1427 2627 1643 2702 Praeseslic.
1680 2631 1771 2702 Sunt
1804 2625 1918 2700 adhue

1154 2735 1189 2802 dc
1216 2729 1310 2804 sabla
1328 2731 1374 2804 ab
1398 2727 1476 2826 ipso
1497 2729 1618 2830 primo
1640 2726 1814 2804 Notario:
1846 2752 1919 2826 qua

1154 2857 1197 2906 ex
1223 2857 1262 2908 re
1288 2829 1491 2932 conjesluca
1516 2829 1698 2930 exsurgere
1723 2825 1855 2928 potesl,
1881 2854 1918 2920 a·

1155 2931 1225 3030 pud
1246 2931 1389 3010 eosdem
1418 2933 1552 3031 primos
1577 2931 1792 3006 Chartarum
1824 2927 1918 3004 Scri·

1155 3029 1803 3204 lll‘lll‘lllestinis·
1816 3033 1918 3206 {ll

1153 3153 1373 3400 exnfiimrgni
1397 3227 1596 3302 Tabulario
1627 3159 1814 3328 Episcdpii
1844 3236 1918 3306 Lu.

1154 3355 1193 3404 ce
1245 3353 1288 3402 s.
1428 3373 1431 3378 ,

306 3575 585 3720 sichimundus
614 3603 725 3719 pater
754 3579 1160 3722 sicaetmiuptseopi
1189 3579 1406 3670 Ecclefiana
1436 3579 1479 3722 in
1504 3583 1703 3720 'bonorem
1732 3581 1896 3674 Sanslee

372 3703 527 3786 Menae
552 3701 594 3788 in
621 3705 723 3788 Vrco
745 3700 857 3788 Aleis
878 3702 1216 3820 aedificaturque
1241 3703 1377 3792 dotem
1402 3701 1558 3816 statutt,
1580 3707 1704 3790 Anno
1731 3707 1829 3796 801.

215 3883 218 3887 ’
279 3929 366 4116 Iu
388 3932 511 4006 nomm
544 3935 656 4008 narra
680 3937 727 4008 o
759 3935 848 4010 arra
871 3937 916 4008 o
939 3935 1043 4033 apra.

117 4126 120 4134 Ι
352 4058 404 4107 tur
426 4035 560 4108 senili.
583 4040 718 4110 Carolus
733 4038 945 4130 sereniffimur
967 4043 1042 4110 Aa·
1075 4121 1081 4133 ·

275 4135 410 4234 guliae,
429 4139 473 4208 ti·
494 4167 517 4210 a
539 4143 608 4211 Deo
629 4160 811 4230 coronatus,
835 4143 981 4236 Magnus
999 4139 1044 4209 (9·
1087 4147 1118 4217 E
1154 4137 1283 4231 dfiemi
1300 4138 1471 4222 Ecclesiam
1490 4139 1526 4210 in
1543 4139 1655 4211 bonam
1672 4140 1758 4229 Dei,
1772 4141 1819 4209 n·
1834 4143 1919 4210 Bea-

276 4237 429 4334 pacificus
450 4243 644 4338 imperaror,
663 4247 843 4313 Romanum
862 4241 1043 4336 gnbemans

278 4341 470 4435 Imperium,
493 4341 551 4438 qni
572 4341 616 4411 Θ
635 4363 693 4438 per
714 4339 954 4424 misericordiam
977 4341 1042 4413 Der'

140 4435 148 4455 '
279 4447 354 4511 Rex
371 4445 564 4514 Francorum
582 4441 627 4512 Φ
644 4431 953 4539 Langobardorum,
963 4449 1037 4514 Aa·

279 4567 320 4613 nu
344 4541 456 4638 Regni
482 4541 573 4634 ejus,
596 4545 758 4642 postquam
783 4544 1041 4641 Langobardiam

278 4643 398 4740 erepit,
435 4642 586 4738 Vigilimo
609 4645 756 4734 Osiavo,
790 4645 836 4714 θ’
859 4644 937 4739 filia
970 4643 1040 4742 ejus

278 4749 404 4819 Dumna
428 4744 527 4829 nostro
551 4745 692 4842 Pippr'ne
715 4755 827 4845 Rege,
848 4755 954 4820 cram
972 4753 1038 4820 Re·

276 4849 339 4944 gni
362 4844 432 4932 eires
458 4845 611 4942 Vrgisimo
634 4849 764 4939 Primo,
793 4851 849 4921 Vs.
873 4849 1041 4922 Kalendas

280 4947 447 5036 ornaris,
482 4947 660 5020 indisiione
684 4957 726 5024 Χ.
753 4949 965 5040 Manifestum
999 4949 1041 5037 ess

278 5050 359 5127 anibi
382 5050 587 5125 sichimunde
610 5049 690 5146 filio
719 5053 796 5126 bone
820 5050 962 5124 memorie
985 5054 1039 5123 Si·

1155 3937 1247 4028 euri,
1272 3937 1350 4035 quia
1374 3937 1410 4012 in
1431 3937 1559 4034 propria
1582 3936 1744 4010 reerirario
1767 3962 1858 4028 meo,
1883 3931 1919 4008 ia

1155 4043 1220 4113 seeo
1246 4041 1319 4112 Vico
1341 4039 1467 4130 Aren,
1490 4039 1548 4115 aaa·
1572 4039 1703 4112 austere
1724 4039 1859 4126 videar,
1887 4065 1919 4108 e·
2071 4097 2072 4102 ,

1156 4261 1188 4312 re
1214 4239 1332 4310 scnsie
1355 4241 1468 4312 Morie
1495 4239 1618 4337 semper
1652 4240 1796 4337 Virginis
1820 4239 1919 4310 Geni·
2059 4311 2063 4318 .

1156 4339 1245 4412 reicis
1266 4339 1335 4412 'Der'
1368 4341 1415 4412 (9·
1439 4342 1573 4414 Domini
1607 4342 1704 4428 nolirr’
1717 4341 1801 4431 Jesu
1824 4339 1920 4412 Chri·

1150 4439 1232 4530 fli;
1265 4442 1312 4512 O·
1340 4463 1400 4538 per
1423 4441 1513 4515 banc'
1528 4443 1645 4514 derasis
1667 4443 1840 4516 'Cartalam
1861 4464 1919 4539 pro

1157 4542 1292 4614 remedie
1317 4543 1426 4616 anime
1447 4571 1513 4615 mee
1540 4543 1635 4639 affero
1660 4549 1755 4633 Deo,
1788 4549 1833 4614 Ο·
1857 4543 1920 4616 ribi

1154 4643 1278 4741 prefate
1302 4643 1439 4728 EreseJie
1461 4645 1581 4718 Sansie
1608 4647 1716 4718 Merie
1743 4644 1779 4716 ire
1806 4645 1921 4739 primis
2027 4661 2030 4668 ’

1153 4745 1398 4834 ftmdrrnrnram
1422 4746 1521 4834 issent,
1546 4747 1605 4818 ubi
1628 4745 1697 4841 ipſs
1722 4747 1790 4818 Dei
1812 4745 1920 4816 Eccle-

1153 4845 1205 4933 ῆι
1223 4845 1292 4932 sira
1315 4849 1390 4936 eli,
1411 4845 1512 4932 simas
1537 4847 1583 4916 θ
1604 4867 1707 4918 crtum
1730 4866 1827 4943 prope
1851 4843 1921 4939 ipsa

1158 4945 1298 5032 Eccsefra
1322 4949 1417 5045 nsque
1441 4951 1476 5020 in
1501 4949 1563 5022 via
1591 4947 1747 5042 publiea,
1773 4943 1858 5031 ficut
1877 4971 1921 5016 ere

1157 5050 1244 5122 amni
1264 5069 1399 5147 perrea
1416 5047 1492 5147 sepe
1512 5048 1737 5123 circumdatam
1762 5045 1827 5136 est,
1852 5071 1919 5120 ana

1800 5172 1870 5220 cam
