<?xml version="1.0" encoding="UTF-8"?>
<!DOCTYPE html PUBLIC "-//W3C//DTD XHTML 1.0 Transitional//EN"
    "http://www.w3.org/TR/xhtml1/DTD/xhtml1-transitional.dtd">
<html xmlns="http://www.w3.org/1999/xhtml" xml:lang="en" lang="en">
 <head>
  <title>
</title>
<meta http-equiv="Content-Type" content="text/html;charset=utf-8" />
  <meta name='ocr-system' content='tesseract 3.04.00' />
  <meta name='ocr-capabilities' content='ocr_page ocr_carea ocr_par ocr_line ocrx_word'/>
</head>
<body>
  <div class='ocr_page' id='page_1' title='image "./antiquitatesita03muragoog_0080.png"; bbox 0 0 4570 6096; ppageno 0'>
   <div class='ocr_carea' id='block_1_1' title="bbox 241 379 1970 5060">
    <p class='ocr_par' dir='ltr' id='par_1_1' title="bbox 241 379 1970 5060">
     <span class='ocr_line' id='line_1_1' title="bbox 317 379 1845 512; baseline 0.005 -30"><span class='ocrx_word' id='word_1_1' title='bbox 317 393 404 508; x_wconf 70' lang='lat' dir='ltr'>r„</span> <span class='ocrx_word' id='word_1_2' title='bbox 619 379 1152 481; x_wconf 65' lang='lat' dir='ltr'>‚nrssrnrerro</span> <span class='ocrx_word' id='word_1_3' title='bbox 1211 381 1534 482; x_wconf 73' lang='lat' dir='ltr'>oncrum</span> <span class='ocrx_word' id='word_1_4' title='bbox 1751 411 1845 512; x_wconf 56' lang='lat' dir='ltr'>esc</span> 
     </span>
     <span class='ocr_line' id='line_1_2' title="bbox 262 499 1901 608; baseline 0.001 -22"><span class='ocrx_word' id='word_1_5' title='bbox 262 507 481 602; x_wconf 72' lang='lat' dir='ltr'>memorati,</span> <span class='ocrx_word' id='word_1_6' title='bbox 515 507 552 584; x_wconf 84' lang='lat'>&amp;</span> <span class='ocrx_word' id='word_1_7' title='bbox 587 509 785 583; x_wconf 74' lang='lat' dir='ltr'>Vieeeomires</span> <span class='ocrx_word' id='word_1_8' title='bbox 821 507 866 584; x_wconf 90' lang='lat' dir='ltr'>de</span> <span class='ocrx_word' id='word_1_9' title='bbox 900 505 1029 608; x_wconf 80' lang='lat' dir='ltr'>quibus</span> <span class='ocrx_word' id='word_1_10' title='bbox 1061 513 1097 588; x_wconf 83' lang='grc' dir='ltr'>Α</span> <span class='ocrx_word' id='word_1_11' title='bbox 1134 503 1298 582; x_wconf 77' lang='lat' dir='ltr'>Rodooidi</span> <span class='ocrx_word' id='word_1_12' title='bbox 1323 506 1456 606; x_wconf 83' lang='lat' dir='ltr'>(antes</span> <span class='ocrx_word' id='word_1_13' title='bbox 1483 499 1653 608; x_wconf 86' lang='lat' dir='ltr'>Ducis),</span> <span class='ocrx_word' id='word_1_14' title='bbox 1678 509 1757 584; x_wconf 85' lang='lat' dir='ltr'>Loci</span> <span class='ocrx_word' id='word_1_15' title='bbox 1779 513 1901 592; x_wconf 55' lang='lat' dir='ltr'>serari</span> 
     </span>
     <span class='ocr_line' id='line_1_3' title="bbox 262 609 1900 712; baseline 0.001 -28"><span class='ocrx_word' id='word_1_16' title='bbox 262 613 321 712; x_wconf 89' lang='lat' dir='ltr'>egi</span> <span class='ocrx_word' id='word_1_17' title='bbox 346 613 387 687; x_wconf 90' lang='lat' dir='ltr'>in</span> <span class='ocrx_word' id='word_1_18' title='bbox 424 611 604 688; x_wconf 86' lang='lat' dir='ltr'>Dissertat.</span> <span class='ocrx_word' id='word_1_19' title='bbox 631 615 734 686; x_wconf 86' lang='lat' dir='ltr'>VIII.</span> <span class='ocrx_word' id='word_1_20' title='bbox 759 613 799 684; x_wconf 82' lang='lat' dir='ltr'>de</span> <span class='ocrx_word' id='word_1_21' title='bbox 823 611 1029 686; x_wconf 82' lang='lat' dir='ltr'>Caeritibus?</span> <span class='ocrx_word' id='word_1_22' title='bbox 1131 609 1210 684; x_wconf 83' lang='lat' dir='ltr'>roris</span> <span class='ocrx_word' id='word_1_23' title='bbox 1235 609 1360 682; x_wconf 82' lang='lat' dir='ltr'>nomine</span> <span class='ocrx_word' id='word_1_24' title='bbox 1390 631 1447 708; x_wconf 80' lang='lat' dir='ltr'>per</span> <span class='ocrx_word' id='word_1_25' title='bbox 1481 635 1602 684; x_wconf 79' lang='lat' dir='ltr'>oerum</span> <span class='ocrx_word' id='word_1_26' title='bbox 1636 609 1681 682; x_wconf 62' lang='grc' dir='ltr'>Φ</span> <span class='ocrx_word' id='word_1_27' title='bbox 1712 617 1829 708; x_wconf 81' lang='lat' dir='ltr'>menses</span> <span class='ocrx_word' id='word_1_28' title='bbox 1847 619 1900 710; x_wconf 82' lang='lat' dir='ltr'>Je-</span> 
     </span>
     <span class='ocr_line' id='line_1_4' title="bbox 261 709 1895 812; baseline 0.002 -24"><span class='ocrx_word' id='word_1_29' title='bbox 261 711 436 812; x_wconf 84' lang='lat' dir='ltr'>Suspiceri</span> <span class='ocrx_word' id='word_1_30' title='bbox 464 712 556 788; x_wconf 85' lang='lat' dir='ltr'>sorte</span> <span class='ocrx_word' id='word_1_31' title='bbox 583 709 714 812; x_wconf 87' lang='lat' dir='ltr'>aliquis</span> <span class='ocrx_word' id='word_1_32' title='bbox 741 709 867 812; x_wconf 84' lang='lat' dir='ltr'>poffit,</span> <span class='ocrx_word' id='word_1_33' title='bbox 894 710 956 786; x_wconf 90' lang='lat' dir='ltr'>sub</span> <span class='ocrx_word' id='word_1_34' title='bbox 974 711 1026 786; x_wconf 89' lang='lat' dir='ltr'>di·</span> <span class='ocrx_word' id='word_1_35' title='bbox 1127 731 1214 808; x_wconf 85' lang='lat' dir='ltr'>ptem</span> <span class='ocrx_word' id='word_1_36' title='bbox 1237 711 1435 808; x_wconf 72' lang='lat' dir='ltr'><em>gubernavit</em></span> <span class='ocrx_word' id='word_1_37' title='bbox 1448 737 1464 782; x_wconf 90' lang='lat'>.·</span> <span class='ocrx_word' id='word_1_38' title='bbox 1489 709 1557 786; x_wconf 90' lang='lat' dir='ltr'>hoc</span> <span class='ocrx_word' id='word_1_39' title='bbox 1584 709 1630 784; x_wconf 88' lang='lat' dir='ltr'>est</span> <span class='ocrx_word' id='word_1_40' title='bbox 1655 737 1729 786; x_wconf 88' lang='lat' dir='ltr'>non</span> <span class='ocrx_word' id='word_1_41' title='bbox 1765 719 1895 809; x_wconf 85' lang='lat' dir='ltr'>Doris,</span> 
     </span>
     <span class='ocr_line' id='line_1_5' title="bbox 262 809 1895 920; baseline 0.006 -34"><span class='ocrx_word' id='word_1_42' title='bbox 262 812 366 890; x_wconf 74' lang='lat' dir='ltr'>versis</span> <span class='ocrx_word' id='word_1_43' title='bbox 406 814 615 890; x_wconf 87' lang='lat' dir='ltr'>nominibus</span> <span class='ocrx_word' id='word_1_44' title='bbox 655 811 844 916; x_wconf 85' lang='lat' dir='ltr'>significari</span> <span class='ocrx_word' id='word_1_45' title='bbox 885 812 1025 888; x_wconf 88' lang='lat' dir='ltr'>consue·</span> <span class='ocrx_word' id='word_1_46' title='bbox 1131 809 1188 886; x_wconf 89' lang='lat' dir='ltr'>sed</span> <span class='ocrx_word' id='word_1_47' title='bbox 1216 809 1338 884; x_wconf 74' lang='lat' dir='ltr'>ilicarii</span> <span class='ocrx_word' id='word_1_48' title='bbox 1373 812 1485 888; x_wconf 89' lang='lat' dir='ltr'>titulo</span> <span class='ocrx_word' id='word_1_49' title='bbox 1519 811 1634 888; x_wconf 85' lang='lat' dir='ltr'>rexit.</span> <span class='ocrx_word' id='word_1_50' title='bbox 1671 815 1768 890; x_wconf 90' lang='lat' dir='ltr'>Tum</span> <span class='ocrx_word' id='word_1_51' title='bbox 1804 823 1895 920; x_wconf 89' lang='lat' dir='ltr'>Cap.</span> 
     </span>
     <span class='ocr_line' id='line_1_6' title="bbox 260 911 1900 1015; baseline 0.004 -28"><span class='ocrx_word' id='word_1_52' title='bbox 260 913 349 990; x_wconf 84' lang='lat' dir='ltr'>viiie</span> <span class='ocrx_word' id='word_1_53' title='bbox 375 943 484 992; x_wconf 90' lang='lat' dir='ltr'>unum</span> <span class='ocrx_word' id='word_1_54' title='bbox 512 915 677 1015; x_wconf 81' lang='lat' dir='ltr'>idemque</span> <span class='ocrx_word' id='word_1_55' title='bbox 704 939 853 990; x_wconf 89' lang='lat' dir='ltr'>munus.</span> <span class='ocrx_word' id='word_1_56' title='bbox 879 917 929 988; x_wconf 88' lang='lat' dir='ltr'>Et</span> <span class='ocrx_word' id='word_1_57' title='bbox 947 913 1026 988; x_wconf 92' lang='lat' dir='ltr'>sane</span> <span class='ocrx_word' id='word_1_58' title='bbox 1137 938 1197 1010; x_wconf 89' lang='lat'>24.</span> <span class='ocrx_word' id='word_1_59' title='bbox 1225 911 1324 987; x_wconf 83' lang='lat' dir='ltr'>addit</span> <span class='ocrx_word' id='word_1_60' title='bbox 1350 919 1482 986; x_wconf 83' lang='lat' dir='ltr'>Mortuo</span> <span class='ocrx_word' id='word_1_61' title='bbox 1507 938 1625 1012; x_wconf 73' lang='lat' dir='ltr'>qnoque</span> <span class='ocrx_word' id='word_1_62' title='bbox 1658 920 1747 1012; x_wconf 80' lang='lat' dir='ltr'>opud</span> <span class='ocrx_word' id='word_1_63' title='bbox 1781 925 1900 994; x_wconf 75' lang='lat' dir='ltr'>Porum</span> 
     </span>
     <span class='ocr_line' id='line_1_7' title="bbox 261 1015 1901 1116; baseline -0.002 -24"><span class='ocrx_word' id='word_1_64' title='bbox 261 1030 338 1092; x_wconf 79' lang='lat' dir='ltr'>tam</span> <span class='ocrx_word' id='word_1_65' title='bbox 374 1019 451 1092; x_wconf 88' lang='lat' dir='ltr'>Loci</span> <span class='ocrx_word' id='word_1_66' title='bbox 484 1017 708 1090; x_wconf 78' lang='lat' dir='ltr'>servatoribus</span> <span class='ocrx_word' id='word_1_67' title='bbox 740 1041 847 1116; x_wconf 88' lang='lat' dir='ltr'>quam</span> <span class='ocrx_word' id='word_1_68' title='bbox 890 1015 1026 1088; x_wconf 82' lang='lat' dir='ltr'>Vicoriis</span> <span class='ocrx_word' id='word_1_69' title='bbox 1124 1021 1156 1108; x_wconf 88' lang='lat' dir='ltr'><em>J</em></span> <span class='ocrx_word' id='word_1_70' title='bbox 1158 1015 1222 1087; x_wconf 79' lang='lat' dir='ltr'>ulii</span> <span class='ocrx_word' id='word_1_71' title='bbox 1245 1017 1386 1102; x_wconf 71' lang='lat' dir='ltr'>Adone,</span> <span class='ocrx_word' id='word_1_72' title='bbox 1412 1043 1502 1114; x_wconf 84' lang='lat' dir='ltr'>quem</span> <span class='ocrx_word' id='word_1_73' title='bbox 1526 1016 1709 1088; x_wconf 76' lang='lat' dir='ltr'><em>dixeramus</em></span> <span class='ocrx_word' id='word_1_74' title='bbox 1734 1023 1810 1090; x_wconf 85' lang='lat' dir='ltr'>Loci</span> <span class='ocrx_word' id='word_1_75' title='bbox 1826 1029 1901 1096; x_wconf 80' lang='lat' dir='ltr'>Ser.</span> 
     </span>
     <span class='ocr_line' id='line_1_8' title="bbox 261 1113 1901 1220; baseline 0.002 -30"><span class='ocrx_word' id='word_1_76' title='bbox 261 1119 422 1191; x_wconf 70' lang='lat' dir='ltr'>Comitum</span> <span class='ocrx_word' id='word_1_77' title='bbox 447 1118 639 1194; x_wconf 66' lang='lat' dir='ltr'>austeritas</span> <span class='ocrx_word' id='word_1_78' title='bbox 665 1113 847 1220; x_wconf 86' lang='lat' dir='ltr'>judicandi</span> <span class='ocrx_word' id='word_1_79' title='bbox 868 1115 1024 1192; x_wconf 85' lang='lat' dir='ltr'>confere·</span> <span class='ocrx_word' id='word_1_80' title='bbox 1133 1137 1276 1190; x_wconf 75' lang='lat' dir='ltr'>umorem</span> <span class='ocrx_word' id='word_1_81' title='bbox 1295 1113 1418 1214; x_wconf 70' lang='lat' dir='ltr'>sciffo,</span> <span class='ocrx_word' id='word_1_82' title='bbox 1446 1117 1618 1208; x_wconf 73' lang='lat' dir='ltr'><em>ferdulfus</em></span> <span class='ocrx_word' id='word_1_83' title='bbox 1654 1121 1813 1192; x_wconf 79' lang='lat' dir='ltr'>Decorum</span> <span class='ocrx_word' id='word_1_84' title='bbox 1841 1123 1901 1215; x_wconf 83' lang='lat' dir='ltr'>se·</span> 
     </span>
     <span class='ocr_line' id='line_1_9' title="bbox 263 1217 1899 1324; baseline 0.001 -31"><span class='ocrx_word' id='word_1_85' title='bbox 263 1219 393 1294; x_wconf 88' lang='lat' dir='ltr'>betur.</span> <span class='ocrx_word' id='word_1_86' title='bbox 420 1224 461 1294; x_wconf 89' lang='lat' dir='ltr'>In</span> <span class='ocrx_word' id='word_1_87' title='bbox 488 1225 586 1322; x_wconf 83' lang='lat' dir='ltr'>Lege</span> <span class='ocrx_word' id='word_1_88' title='bbox 611 1223 746 1296; x_wconf 81' lang='lat' dir='ltr'>LXIX.</span> <span class='ocrx_word' id='word_1_89' title='bbox 780 1219 1026 1321; x_wconf 86' lang='lat' dir='ltr'>Langobardi·</span> <span class='ocrx_word' id='word_1_90' title='bbox 1126 1217 1246 1314; x_wconf 76' lang='lat' dir='ltr'>[oepit.</span> <span class='ocrx_word' id='word_1_91' title='bbox 1281 1221 1438 1313; x_wconf 63' lang='lat' dir='ltr'>Quibus.</span> <span class='ocrx_word' id='word_1_92' title='bbox 1458 1245 1503 1292; x_wconf 80' lang='lat' dir='ltr'>ex</span> <span class='ocrx_word' id='word_1_93' title='bbox 1541 1217 1658 1292; x_wconf 87' lang='lat' dir='ltr'>verbis</span> <span class='ocrx_word' id='word_1_94' title='bbox 1693 1217 1899 1324; x_wconf 83' lang='lat' dir='ltr'>intelligis,</span> 
     </span>
     <span class='ocr_line' id='line_1_10' title="bbox 263 1317 1948 1424; baseline 0.003 -30"><span class='ocrx_word' id='word_1_95' title='bbox 263 1344 305 1394; x_wconf 88' lang='lat' dir='ltr'>ca</span> <span class='ocrx_word' id='word_1_96' title='bbox 339 1321 463 1398; x_wconf 88' lang='lat' dir='ltr'>Caroli</span> <span class='ocrx_word' id='word_1_97' title='bbox 498 1321 628 1424; x_wconf 85' lang='lat' dir='ltr'>Magni</span> <span class='ocrx_word' id='word_1_98' title='bbox 664 1319 849 1412; x_wconf 79' lang='lat' dir='ltr'>statuitur,</span> <span class='ocrx_word' id='word_1_99' title='bbox 883 1341 922 1392; x_wconf 84' lang='lat' dir='ltr'>oe</span> <span class='ocrx_word' id='word_1_100' title='bbox 954 1343 1030 1395; x_wconf 81' lang='lat' dir='ltr'>cere</span> <span class='ocrx_word' id='word_1_101' title='bbox 1132 1325 1334 1393; x_wconf 72' lang='lat' dir='ltr'>servatorem</span> <span class='ocrx_word' id='word_1_102' title='bbox 1358 1321 1436 1394; x_wconf 84' lang='lat' dir='ltr'>Loci</span> <span class='ocrx_word' id='word_1_103' title='bbox 1454 1321 1670 1420; x_wconf 84' lang='lat' dir='ltr'>appeliatum</span> <span class='ocrx_word' id='word_1_104' title='bbox 1692 1317 1816 1415; x_wconf 74' lang='lat' dir='ltr'>fuisse,</span> <span class='ocrx_word' id='word_1_105' title='bbox 1836 1323 1900 1424; x_wconf 88' lang='lat' dir='ltr'>qui</span> <span class='ocrx_word' id='word_1_106' title='bbox 1942 1323 1948 1335; x_wconf 83' lang='grc'><em>“</em></span> 
     </span>
     <span class='ocr_line' id='line_1_11' title="bbox 263 1419 1901 1524; baseline -0.002 -28"><span class='ocrx_word' id='word_1_107' title='bbox 263 1421 403 1496; x_wconf 75' lang='lat' dir='ltr'>Vicorios</span> <span class='ocrx_word' id='word_1_108' title='bbox 439 1425 533 1497; x_wconf 80' lang='lat' dir='ltr'>oresio</span> <span class='ocrx_word' id='word_1_109' title='bbox 565 1423 744 1497; x_wconf 77' lang='lat' dir='ltr'>criminalis</span> <span class='ocrx_word' id='word_1_110' title='bbox 777 1421 861 1494; x_wconf 72' lang='lat' dir='ltr'>cisio</span> <span class='ocrx_word' id='word_1_111' title='bbox 893 1419 1029 1512; x_wconf 73' lang='lat' dir='ltr'>difinio·</span> <span class='ocrx_word' id='word_1_112' title='bbox 1068 1419 1097 1489; x_wconf 89' lang='lat' dir='ltr'>B</span> <span class='ocrx_word' id='word_1_113' title='bbox 1135 1447 1199 1522; x_wconf 91' lang='lat' dir='ltr'>pro</span> <span class='ocrx_word' id='word_1_114' title='bbox 1224 1421 1346 1494; x_wconf 85' lang='lat' dir='ltr'>Comite</span> <span class='ocrx_word' id='word_1_115' title='bbox 1371 1439 1433 1497; x_wconf 89' lang='lat' dir='ltr'>aut</span> <span class='ocrx_word' id='word_1_116' title='bbox 1467 1427 1555 1495; x_wconf 83' lang='lat' dir='ltr'>Dure</span> <span class='ocrx_word' id='word_1_117' title='bbox 1592 1423 1767 1518; x_wconf 86' lang='lat' dir='ltr'>Populum</span> <span class='ocrx_word' id='word_1_118' title='bbox 1803 1451 1901 1524; x_wconf 81' lang='lat' dir='ltr'>rege.</span> 
     </span>
     <span class='ocr_line' id='line_1_12' title="bbox 261 1518 1900 1622; baseline 0.004 -26"><span class='ocrx_word' id='word_1_119' title='bbox 261 1541 347 1614; x_wconf 77' lang='lat' dir='ltr'>ror;</span> <span class='ocrx_word' id='word_1_120' title='bbox 368 1524 408 1596; x_wconf 80' lang='lat' dir='ltr'>oi</span> <span class='ocrx_word' id='word_1_121' title='bbox 420 1549 434 1596; x_wconf 87' lang='lat' dir='ltr'>r</span> <span class='ocrx_word' id='word_1_122' title='bbox 459 1528 587 1598; x_wconf 71' lang='lat' dir='ltr'>eaerum</span> <span class='ocrx_word' id='word_1_123' title='bbox 611 1525 746 1595; x_wconf 79' lang='lat' dir='ltr'>leuiores</span> <span class='ocrx_word' id='word_1_124' title='bbox 769 1518 915 1616; x_wconf 67' lang='lat' dir='ltr'>canisae,</span> <span class='ocrx_word' id='word_1_125' title='bbox 950 1547 1030 1620; x_wconf 82' lang='lat' dir='ltr'>quoe</span> <span class='ocrx_word' id='word_1_126' title='bbox 1135 1523 1217 1615; x_wconf 90' lang='lat' dir='ltr'>bat,</span> <span class='ocrx_word' id='word_1_127' title='bbox 1240 1521 1345 1622; x_wconf 89' lang='lat' dir='ltr'>eique</span> <span class='ocrx_word' id='word_1_128' title='bbox 1365 1521 1533 1620; x_wconf 83' lang='lat' dir='ltr'>justitiam</span> <span class='ocrx_word' id='word_1_129' title='bbox 1555 1522 1794 1598; x_wconf 82' lang='lat' dir='ltr'>ministrabat.</span> <span class='ocrx_word' id='word_1_130' title='bbox 1814 1529 1900 1602; x_wconf 81' lang='lat' dir='ltr'>Non</span> 
     </span>
     <span class='ocr_line' id='line_1_13' title="bbox 258 1621 1903 1722; baseline -0.002 -24"><span class='ocrx_word' id='word_1_131' title='bbox 258 1625 358 1716; x_wconf 71' lang='lat' dir='ltr'>focile</span> <span class='ocrx_word' id='word_1_132' title='bbox 382 1623 506 1722; x_wconf 72' lang='lat' dir='ltr'>poffore</span> <span class='ocrx_word' id='word_1_133' title='bbox 525 1623 695 1720; x_wconf 74' lang='lat' dir='ltr'>judicari.</span> <span class='ocrx_word' id='word_1_134' title='bbox 722 1621 917 1700; x_wconf 84' lang='lat' dir='ltr'>Letharius</span> <span class='ocrx_word' id='word_1_135' title='bbox 942 1648 1028 1722; x_wconf 86' lang='lat' dir='ltr'>quo·</span> <span class='ocrx_word' id='word_1_136' title='bbox 1182 1641 1274 1696; x_wconf 90' lang='lat' dir='ltr'>terat</span> <span class='ocrx_word' id='word_1_137' title='bbox 1290 1625 1471 1698; x_wconf 91' lang='lat' dir='ltr'>interdum</span> <span class='ocrx_word' id='word_1_138' title='bbox 1485 1626 1616 1698; x_wconf 87' lang='lat' dir='ltr'>Comes</span> <span class='ocrx_word' id='word_1_139' title='bbox 1629 1623 1787 1699; x_wconf 83' lang='lat' dir='ltr'>Civitati</span> <span class='ocrx_word' id='word_1_140' title='bbox 1800 1629 1903 1702; x_wconf 88' lang='lat' dir='ltr'>Prae.</span> 
     </span>
     <span class='ocr_line' id='line_1_14' title="bbox 263 1721 1897 1826; baseline 0.003 -27"><span class='ocrx_word' id='word_1_141' title='bbox 263 1749 334 1823; x_wconf 77' lang='lat' dir='ltr'>que</span> <span class='ocrx_word' id='word_1_142' title='bbox 361 1729 390 1799; x_wconf 91' lang='lat'>1.</span> <span class='ocrx_word' id='word_1_143' title='bbox 417 1725 593 1826; x_wconf 79' lang='lat' dir='ltr'>Augustus</span> <span class='ocrx_word' id='word_1_144' title='bbox 618 1729 716 1824; x_wconf 86' lang='lat' dir='ltr'>Lege</span> <span class='ocrx_word' id='word_1_145' title='bbox 741 1728 822 1800; x_wconf 82' lang='lat' dir='ltr'>LX.</span> <span class='ocrx_word' id='word_1_146' title='bbox 849 1721 1029 1816; x_wconf 86' lang='lat' dir='ltr'>decernit,</span> <span class='ocrx_word' id='word_1_147' title='bbox 1150 1721 1246 1798; x_wconf 75' lang='lat' dir='ltr'>eiius</span> <span class='ocrx_word' id='word_1_148' title='bbox 1271 1721 1428 1798; x_wconf 88' lang='lat' dir='ltr'>sufficere</span> <span class='ocrx_word' id='word_1_149' title='bbox 1455 1740 1511 1797; x_wconf 92' lang='lat' dir='ltr'>tot</span> <span class='ocrx_word' id='word_1_150' title='bbox 1537 1722 1664 1800; x_wconf 89' lang='lat' dir='ltr'>litibus</span> <span class='ocrx_word' id='word_1_151' title='bbox 1690 1725 1897 1822; x_wconf 90' lang='lat' dir='ltr'>audiendis,</span> 
     </span>
     <span class='ocr_line' id='line_1_15' title="bbox 263 1823 1897 1924; baseline 0.004 -24"><span class='ocrx_word' id='word_1_152' title='bbox 263 1849 302 1900; x_wconf 81' lang='lat' dir='ltr'>ere</span> <span class='ocrx_word' id='word_1_153' title='bbox 329 1827 466 1910; x_wconf 73' lang='lat' dir='ltr'>Comieer</span> <span class='ocrx_word' id='word_1_154' title='bbox 490 1825 587 1916; x_wconf 79' lang='lat' dir='ltr'>nostri</span> <span class='ocrx_word' id='word_1_155' title='bbox 610 1827 773 1898; x_wconf 72' lang='lat' dir='ltr'>licentiam</span> <span class='ocrx_word' id='word_1_156' title='bbox 806 1825 945 1898; x_wconf 70' lang='lat' dir='ltr'>bonone</span> <span class='ocrx_word' id='word_1_157' title='bbox 979 1826 1028 1896; x_wconf 86' lang='lat' dir='ltr'>io·</span> <span class='ocrx_word' id='word_1_158' title='bbox 1135 1841 1191 1898; x_wconf 90' lang='lat' dir='ltr'>tot</span> <span class='ocrx_word' id='word_1_159' title='bbox 1230 1824 1386 1924; x_wconf 87' lang='lat' dir='ltr'>negotiis</span> <span class='ocrx_word' id='word_1_160' title='bbox 1420 1823 1673 1924; x_wconf 84' lang='lat' dir='ltr'>expediendis.</span> <span class='ocrx_word' id='word_1_161' title='bbox 1715 1829 1897 1908; x_wconf 87' lang='lat' dir='ltr'>Interdum</span> 
     </span>
     <span class='ocr_line' id='line_1_16' title="bbox 264 1925 1899 2028; baseline 0.005 -30"><span class='ocrx_word' id='word_1_162' title='bbox 264 1927 463 2028; x_wconf 67' lang='lat' dir='ltr'>guilicionem</span> <span class='ocrx_word' id='word_1_163' title='bbox 492 1928 595 2020; x_wconf 71' lang='lat' dir='ltr'>fuere</span> <span class='ocrx_word' id='word_1_164' title='bbox 618 1929 659 2000; x_wconf 81' lang='lat' dir='ltr'>de</span> <span class='ocrx_word' id='word_1_165' title='bbox 685 1925 822 2000; x_wconf 76' lang='lat' dir='ltr'>Vicoeiis</span> <span class='ocrx_word' id='word_1_166' title='bbox 846 1927 891 1997; x_wconf 68' lang='grc' dir='ltr'>θ’</span> <span class='ocrx_word' id='word_1_167' title='bbox 915 1935 1029 1999; x_wconf 79' lang='lat' dir='ltr'>cenre-</span> <span class='ocrx_word' id='word_1_168' title='bbox 1134 1951 1274 2026; x_wconf 83' lang='lat' dir='ltr'>quoque</span> <span class='ocrx_word' id='word_1_169' title='bbox 1301 1925 1343 2000; x_wconf 86' lang='lat' dir='ltr'>ad</span> <span class='ocrx_word' id='word_1_170' title='bbox 1370 1928 1594 2017; x_wconf 85' lang='lat' dir='ltr'>exercitum,</span> <span class='ocrx_word' id='word_1_171' title='bbox 1621 1927 1664 2002; x_wconf 92' lang='lat' dir='ltr'>ad</span> <span class='ocrx_word' id='word_1_172' title='bbox 1693 1929 1899 2026; x_wconf 88' lang='lat' dir='ltr'>Palatium,</span> 
     </span>
     <span class='ocr_line' id='line_1_17' title="bbox 262 2025 1901 2128; baseline 0.003 -24"><span class='ocrx_word' id='word_1_173' title='bbox 262 2030 389 2121; x_wconf 79' lang='lat' dir='ltr'>eerie&#39;s,</span> <span class='ocrx_word' id='word_1_174' title='bbox 415 2029 473 2126; x_wconf 79' lang='lat' dir='ltr'>qni</span> <span class='ocrx_word' id='word_1_175' title='bbox 492 2031 596 2127; x_wconf 84' lang='lat' dir='ltr'>magis</span> <span class='ocrx_word' id='word_1_176' title='bbox 609 2050 669 2127; x_wconf 81' lang='lat' dir='ltr'>per</span> <span class='ocrx_word' id='word_1_177' title='bbox 686 2029 913 2126; x_wconf 75' lang='lat' dir='ltr'>cupiditatem,</span> <span class='ocrx_word' id='word_1_178' title='bbox 932 2032 1029 2127; x_wconf 75' lang='lat' dir='ltr'>qeeim</span> <span class='ocrx_word' id='word_1_179' title='bbox 1134 2045 1240 2127; x_wconf 87' lang='lat' dir='ltr'>atque</span> <span class='ocrx_word' id='word_1_180' title='bbox 1266 2028 1339 2102; x_wconf 80' lang='lat' dir='ltr'>atio</span> <span class='ocrx_word' id='word_1_181' title='bbox 1366 2025 1543 2128; x_wconf 79' lang='lat' dir='ltr'>proficisci</span> <span class='ocrx_word' id='word_1_182' title='bbox 1578 2025 1641 2103; x_wconf 81' lang='lat' dir='ltr'>fibi</span> <span class='ocrx_word' id='word_1_183' title='bbox 1680 2055 1768 2128; x_wconf 92' lang='lat' dir='ltr'>opus</span> <span class='ocrx_word' id='word_1_184' title='bbox 1804 2051 1901 2110; x_wconf 87' lang='lat' dir='ltr'>erat.</span> 
     </span>
     <span class='ocr_line' id='line_1_18' title="bbox 261 2128 1900 2234; baseline 0.007 -34"><span class='ocrx_word' id='word_1_185' title='bbox 261 2129 561 2228; x_wconf 78' lang='lat' dir='ltr'>proprerjoflieiem</span> <span class='ocrx_word' id='word_1_186' title='bbox 569 2130 935 2224; x_wconf 74' lang='lat' dir='ltr'>faciendamsoepiffime</span> <span class='ocrx_word' id='word_1_187' title='bbox 948 2133 1027 2204; x_wconf 82' lang='lat' dir='ltr'>Pta-</span> <span class='ocrx_word' id='word_1_188' title='bbox 1137 2129 1288 2205; x_wconf 84' lang='lat' dir='ltr'>Proinde</span> <span class='ocrx_word' id='word_1_189' title='bbox 1314 2155 1402 2204; x_wconf 89' lang='lat' dir='ltr'>unus</span> <span class='ocrx_word' id='word_1_190' title='bbox 1429 2128 1499 2205; x_wconf 88' lang='lat' dir='ltr'>five</span> <span class='ocrx_word' id='word_1_191' title='bbox 1526 2131 1642 2230; x_wconf 89' lang='lat' dir='ltr'>plures</span> <span class='ocrx_word' id='word_1_192' title='bbox 1669 2129 1762 2221; x_wconf 90' lang='lat' dir='ltr'>Juris</span> <span class='ocrx_word' id='word_1_193' title='bbox 1790 2134 1900 2234; x_wconf 90' lang='lat' dir='ltr'>periti</span> 
     </span>
     <span class='ocr_line' id='line_1_19' title="bbox 265 2231 1901 2330; baseline 0.006 -28"><span class='ocrx_word' id='word_1_194' title='bbox 265 2231 462 2304; x_wconf 79' lang='lat' dir='ltr'>cioereneee</span> <span class='ocrx_word' id='word_1_195' title='bbox 488 2232 558 2304; x_wconf 59' lang='lat' dir='ltr'>the.</span> <span class='ocrx_word' id='word_1_196' title='bbox 585 2232 735 2304; x_wconf 87' lang='lat' dir='ltr'>Sunt&amp;</span> <span class='ocrx_word' id='word_1_197' title='bbox 761 2231 852 2303; x_wconf 88' lang='lat' dir='ltr'>aliae</span> <span class='ocrx_word' id='word_1_198' title='bbox 886 2233 1027 2330; x_wconf 82' lang='lat' dir='ltr'>Leges,</span> <span class='ocrx_word' id='word_1_199' title='bbox 1134 2249 1196 2306; x_wconf 87' lang='lat' dir='ltr'>aut</span> <span class='ocrx_word' id='word_1_200' title='bbox 1231 2232 1251 2302; x_wconf 69' lang='lat' dir='ltr'>h</span> <span class='ocrx_word' id='word_1_201' title='bbox 1288 2233 1412 2330; x_wconf 86' lang='lat' dir='ltr'>Rege,</span> <span class='ocrx_word' id='word_1_202' title='bbox 1448 2246 1510 2303; x_wconf 87' lang='lat' dir='ltr'>aut</span> <span class='ocrx_word' id='word_1_203' title='bbox 1549 2233 1593 2304; x_wconf 87' lang='lat' dir='ltr'>ab</span> <span class='ocrx_word' id='word_1_204' title='bbox 1634 2231 1712 2330; x_wconf 90' lang='lat' dir='ltr'>ipso</span> <span class='ocrx_word' id='word_1_205' title='bbox 1752 2235 1901 2312; x_wconf 88' lang='lat' dir='ltr'>Comite</span> 
     </span>
     <span class='ocr_line' id='line_1_20' title="bbox 264 2327 1903 2436; baseline 0 -26"><span class='ocrx_word' id='word_1_206' title='bbox 264 2329 326 2410; x_wconf 77' lang='lat' dir='ltr'>ubi</span> <span class='ocrx_word' id='word_1_207' title='bbox 352 2329 396 2406; x_wconf 91' lang='lat' dir='ltr'>de</span> <span class='ocrx_word' id='word_1_208' title='bbox 423 2329 579 2405; x_wconf 85' lang='lat' dir='ltr'>Vicariis</span> <span class='ocrx_word' id='word_1_209' title='bbox 604 2327 648 2405; x_wconf 89' lang='lat' dir='ltr'>fit</span> <span class='ocrx_word' id='word_1_210' title='bbox 683 2330 842 2404; x_wconf 91' lang='lat' dir='ltr'>mentio.</span> <span class='ocrx_word' id='word_1_211' title='bbox 876 2335 1028 2402; x_wconf 78' lang='lat' dir='ltr'>seooaeo·</span> <span class='ocrx_word' id='word_1_212' title='bbox 1066 2331 1098 2405; x_wconf 86' lang='lat' dir='ltr'>C</span> <span class='ocrx_word' id='word_1_213' title='bbox 1134 2329 1264 2405; x_wconf 69' lang='lat' dir='ltr'>delesti</span> <span class='ocrx_word' id='word_1_214' title='bbox 1298 2333 1334 2404; x_wconf 79' lang='grc' dir='ltr'>δι</span> <span class='ocrx_word' id='word_1_215' title='bbox 1371 2328 1554 2404; x_wconf 81' lang='lat' dir='ltr'>constituti</span> <span class='ocrx_word' id='word_1_216' title='bbox 1589 2351 1723 2422; x_wconf 85' lang='lat' dir='ltr'>erant,</span> <span class='ocrx_word' id='word_1_217' title='bbox 1757 2335 1825 2436; x_wconf 83' lang='lat' dir='ltr'>qui</span> <span class='ocrx_word' id='word_1_218' title='bbox 1861 2336 1903 2410; x_wconf 91' lang='lat' dir='ltr'>in</span> 
     </span>
     <span class='ocr_line' id='line_1_21' title="bbox 261 2423 1907 2534; baseline 0.001 -30"><span class='ocrx_word' id='word_1_219' title='bbox 261 2451 311 2504; x_wconf 86' lang='lat' dir='ltr'>res</span> <span class='ocrx_word' id='word_1_220' title='bbox 336 2451 454 2507; x_wconf 89' lang='lat' dir='ltr'>autem</span> <span class='ocrx_word' id='word_1_221' title='bbox 482 2433 559 2506; x_wconf 83' lang='lat' dir='ltr'>Loci</span> <span class='ocrx_word' id='word_1_222' title='bbox 582 2435 619 2506; x_wconf 75' lang='grc' dir='ltr'>δι</span> <span class='ocrx_word' id='word_1_223' title='bbox 645 2430 658 2506; x_wconf 91' lang='lat' dir='ltr'>i</span> <span class='ocrx_word' id='word_1_224' title='bbox 685 2429 740 2508; x_wconf 89' lang='lat' dir='ltr'>sos</span> <span class='ocrx_word' id='word_1_225' title='bbox 774 2433 851 2534; x_wconf 86' lang='lat' dir='ltr'>jura</span> <span class='ocrx_word' id='word_1_226' title='bbox 888 2431 1027 2532; x_wconf 87' lang='lat' dir='ltr'>Populo</span> <span class='ocrx_word' id='word_1_227' title='bbox 1142 2423 1340 2506; x_wconf 88' lang='lat' dir='ltr'>minoribus</span> <span class='ocrx_word' id='word_1_228' title='bbox 1374 2429 1499 2504; x_wconf 90' lang='lat' dir='ltr'>saltem</span> <span class='ocrx_word' id='word_1_229' title='bbox 1540 2429 1662 2504; x_wconf 83' lang='lat' dir='ltr'>eauffis</span> <span class='ocrx_word' id='word_1_230' title='bbox 1696 2432 1751 2534; x_wconf 86' lang='lat' dir='ltr'>jus</span> <span class='ocrx_word' id='word_1_231' title='bbox 1785 2435 1907 2512; x_wconf 84' lang='lat' dir='ltr'>redde.</span> 
     </span>
     <span class='ocr_line' id='line_1_22' title="bbox 260 2458 1906 2632; baseline -0.001 -24"><span class='ocrx_word' id='word_1_232' title='bbox 260 2531 415 2627; x_wconf 82' lang='lat' dir='ltr'>dixisse,</span> <span class='ocrx_word' id='word_1_233' title='bbox 442 2532 534 2608; x_wconf 87' lang='lat' dir='ltr'>infra</span> <span class='ocrx_word' id='word_1_234' title='bbox 559 2458 762 2608; x_wconf 77' lang='lat' dir='ltr'>ostendam.</span> <span class='ocrx_word' id='word_1_235' title='bbox 793 2531 922 2606; x_wconf 76' lang='lat' dir='ltr'>Verium</span> <span class='ocrx_word' id='word_1_236' title='bbox 950 2531 1027 2607; x_wconf 88' lang='lat' dir='ltr'>ani·</span> <span class='ocrx_word' id='word_1_237' title='bbox 1141 2549 1243 2624; x_wconf 87' lang='lat' dir='ltr'>rent,</span> <span class='ocrx_word' id='word_1_238' title='bbox 1268 2533 1304 2607; x_wconf 78' lang='grc' dir='ltr'>δι</span> <span class='ocrx_word' id='word_1_239' title='bbox 1330 2531 1478 2608; x_wconf 91' lang='lat' dir='ltr'>Comite</span> <span class='ocrx_word' id='word_1_240' title='bbox 1503 2529 1679 2632; x_wconf 89' lang='lat' dir='ltr'>impedito</span> <span class='ocrx_word' id='word_1_241' title='bbox 1705 2551 1767 2608; x_wconf 86' lang='lat' dir='ltr'>aut</span> <span class='ocrx_word' id='word_1_242' title='bbox 1785 2533 1906 2612; x_wconf 77' lang='lat' dir='ltr'>absen-</span> 
     </span>
     <span class='ocr_line' id='line_1_23' title="bbox 262 2633 1903 2734; baseline 0.002 -24"><span class='ocrx_word' id='word_1_243' title='bbox 262 2633 459 2710; x_wconf 81' lang='lat' dir='ltr'>madvertas</span> <span class='ocrx_word' id='word_1_244' title='bbox 486 2634 619 2728; x_wconf 85' lang='lat' dir='ltr'>veiim,</span> <span class='ocrx_word' id='word_1_245' title='bbox 655 2633 776 2710; x_wconf 88' lang='lat' dir='ltr'>haberi</span> <span class='ocrx_word' id='word_1_246' title='bbox 802 2634 841 2710; x_wconf 91' lang='lat' dir='ltr'>in</span> <span class='ocrx_word' id='word_1_247' title='bbox 870 2633 1025 2708; x_wconf 87' lang='lat' dir='ltr'>Chroni·</span> <span class='ocrx_word' id='word_1_248' title='bbox 1141 2651 1177 2708; x_wconf 88' lang='lat' dir='ltr'>te</span> <span class='ocrx_word' id='word_1_249' title='bbox 1205 2635 1380 2734; x_wconf 85' lang='lat' dir='ltr'><strong>Populum</strong></span> <span class='ocrx_word' id='word_1_250' title='bbox 1407 2633 1667 2734; x_wconf 78' lang='lat' dir='ltr'>gubernarent.</span> <span class='ocrx_word' id='word_1_251' title='bbox 1694 2639 1765 2709; x_wconf 83' lang='lat' dir='ltr'>Eos</span> <span class='ocrx_word' id='word_1_252' title='bbox 1791 2637 1903 2714; x_wconf 86' lang='lat' dir='ltr'>etiam</span> 
     </span>
     <span class='ocr_line' id='line_1_24' title="bbox 261 2734 1908 2842; baseline 0.002 -30"><span class='ocrx_word' id='word_1_253' title='bbox 261 2761 306 2812; x_wconf 86' lang='lat' dir='ltr'>so</span> <span class='ocrx_word' id='word_1_254' title='bbox 332 2735 558 2812; x_wconf 84' lang='lat' dir='ltr'>Vulturnenii</span> <span class='ocrx_word' id='word_1_255' title='bbox 587 2763 663 2842; x_wconf 86' lang='lat' dir='ltr'>pag.</span> <span class='ocrx_word' id='word_1_256' title='bbox 689 2737 777 2834; x_wconf 86' lang='lat'>446.</span> <span class='ocrx_word' id='word_1_257' title='bbox 804 2739 847 2812; x_wconf 92' lang='lat' dir='ltr'>ad</span> <span class='ocrx_word' id='word_1_258' title='bbox 873 2739 1024 2812; x_wconf 78' lang='lat' dir='ltr'>Aenum</span> <span class='ocrx_word' id='word_1_259' title='bbox 1141 2759 1408 2836; x_wconf 85' lang='lat' dir='ltr'>nonnumquam</span> <span class='ocrx_word' id='word_1_260' title='bbox 1436 2734 1604 2810; x_wconf 89' lang='lat' dir='ltr'>mittebat</span> <span class='ocrx_word' id='word_1_261' title='bbox 1626 2739 1759 2812; x_wconf 87' lang='lat' dir='ltr'>Comes</span> <span class='ocrx_word' id='word_1_262' title='bbox 1778 2738 1820 2812; x_wconf 91' lang='lat' dir='ltr'>ad</span> <span class='ocrx_word' id='word_1_263' title='bbox 1842 2743 1908 2815; x_wconf 85' lang='lat' dir='ltr'>Pa·</span> 
     </span>
     <span class='ocr_line' id='line_1_25' title="bbox 261 2834 1970 2941; baseline 0 -29"><span class='ocrx_word' id='word_1_264' title='bbox 261 2840 605 2915; x_wconf 79' lang='lat' dir='ltr'>Dcoechvttt.</span> <span class='ocrx_word' id='word_1_265' title='bbox 633 2841 861 2941; x_wconf 77' lang='lat' dir='ltr'>Praeceptum</span> <span class='ocrx_word' id='word_1_266' title='bbox 885 2836 1024 2914; x_wconf 89' lang='lat' dir='ltr'>Marini</span> <span class='ocrx_word' id='word_1_267' title='bbox 1108 2863 1230 2939; x_wconf 65' lang='lat' dir='ltr'>egos,</span> <span class='ocrx_word' id='word_1_268' title='bbox 1266 2853 1308 2911; x_wconf 92' lang='lat' dir='ltr'>ut</span> <span class='ocrx_word' id='word_1_269' title='bbox 1342 2834 1598 2938; x_wconf 85' lang='lat' dir='ltr'>perspicerent,</span> <span class='ocrx_word' id='word_1_270' title='bbox 1625 2863 1670 2912; x_wconf 86' lang='lat' dir='ltr'>an</span> <span class='ocrx_word' id='word_1_271' title='bbox 1695 2843 1905 2936; x_wconf 83' lang='lat' dir='ltr'>Cenrenerii,</span> <span class='ocrx_word' id='word_1_272' title='bbox 1968 2881 1970 2884; x_wconf 92' lang='lat'><em>·</em></span> 
     </span>
     <span class='ocr_line' id='line_1_26' title="bbox 261 2937 1907 3038; baseline -0.001 -26"><span class='ocrx_word' id='word_1_273' title='bbox 261 2939 374 3013; x_wconf 87' lang='lat' dir='ltr'>Ducis</span> <span class='ocrx_word' id='word_1_274' title='bbox 410 2940 670 3032; x_wconf 81' lang='lat' dir='ltr'>Neapolitani,</span> <span class='ocrx_word' id='word_1_275' title='bbox 710 2939 749 3012; x_wconf 91' lang='lat' dir='ltr'>in</span> <span class='ocrx_word' id='word_1_276' title='bbox 784 2967 857 3038; x_wconf 86' lang='lat' dir='ltr'>quo</span> <span class='ocrx_word' id='word_1_277' title='bbox 893 2940 913 3011; x_wconf 74' lang='lat' dir='ltr'>h</span> <span class='ocrx_word' id='word_1_278' title='bbox 948 2939 1025 3012; x_wconf 82' lang='lat' dir='ltr'>Loci</span> <span class='ocrx_word' id='word_1_279' title='bbox 1138 2939 1341 3032; x_wconf 79' lang='lat' dir='ltr'>Seoidascii,</span> <span class='ocrx_word' id='word_1_280' title='bbox 1376 2937 1441 3013; x_wconf 87' lang='lat' dir='ltr'>alii</span> <span class='ocrx_word' id='word_1_281' title='bbox 1469 2964 1511 3013; x_wconf 91' lang='lat' dir='ltr'>ue</span> <span class='ocrx_word' id='word_1_282' title='bbox 1546 2955 1648 3014; x_wconf 87' lang='lat' dir='ltr'>extra</span> <span class='ocrx_word' id='word_1_283' title='bbox 1674 2940 1807 3016; x_wconf 84' lang='lat' dir='ltr'>Urbem</span> <span class='ocrx_word' id='word_1_284' title='bbox 1837 2943 1907 3020; x_wconf 85' lang='lat' dir='ltr'>mi.</span> 
     </span>
     <span class='ocr_line' id='line_1_27' title="bbox 260 2963 1906 3137; baseline 0.005 -27"><span class='ocrx_word' id='word_1_285' title='bbox 260 3039 484 3114; x_wconf 79' lang='lat' dir='ltr'>seruatoribus</span> <span class='ocrx_word' id='word_1_286' title='bbox 522 3037 689 3137; x_wconf 77' lang='lat' dir='ltr'>distingui</span> <span class='ocrx_word' id='word_1_287' title='bbox 725 3038 893 3112; x_wconf 88' lang='lat' dir='ltr'>ridentur</span> <span class='ocrx_word' id='word_1_288' title='bbox 933 3043 1025 3112; x_wconf 81' lang='lat' dir='ltr'>Vico·</span> <span class='ocrx_word' id='word_1_289' title='bbox 1139 3065 1241 3114; x_wconf 90' lang='lat' dir='ltr'>nores</span> <span class='ocrx_word' id='word_1_290' title='bbox 1266 3037 1406 3130; x_wconf 80' lang='lat' dir='ltr'>ludices</span> <span class='ocrx_word' id='word_1_291' title='bbox 1441 2963 1504 3115; x_wconf 76' lang='lat' dir='ltr'>suo</span> <span class='ocrx_word' id='word_1_292' title='bbox 1537 3039 1662 3116; x_wconf 85' lang='lat' dir='ltr'>officio</span> <span class='ocrx_word' id='word_1_293' title='bbox 1695 3041 1792 3117; x_wconf 76' lang='lat' dir='ltr'>reiie</span> <span class='ocrx_word' id='word_1_294' title='bbox 1826 3042 1906 3119; x_wconf 50' lang='lat' dir='ltr'>suni</span> 
     </span>
     <span class='ocr_line' id='line_1_28' title="bbox 260 3135 1905 3240; baseline 0.007 -29"><span class='ocrx_word' id='word_1_295' title='bbox 260 3139 326 3213; x_wconf 87' lang='lat' dir='ltr'>rii.</span> <span class='ocrx_word' id='word_1_296' title='bbox 355 3139 409 3212; x_wconf 87' lang='lat' dir='ltr'>ihi</span> <span class='ocrx_word' id='word_1_297' title='bbox 435 3137 533 3213; x_wconf 88' lang='lat' dir='ltr'>enim</span> <span class='ocrx_word' id='word_1_298' title='bbox 560 3138 700 3227; x_wconf 88' lang='lat' dir='ltr'>sancit,</span> <span class='ocrx_word' id='word_1_299' title='bbox 726 3155 768 3213; x_wconf 92' lang='lat' dir='ltr'>ut</span> <span class='ocrx_word' id='word_1_300' title='bbox 792 3141 813 3212; x_wconf 76' lang='lat' dir='ltr'>h</span> <span class='ocrx_word' id='word_1_301' title='bbox 840 3135 950 3214; x_wconf 86' lang='lat' dir='ltr'>nullis</span> <span class='ocrx_word' id='word_1_302' title='bbox 976 3144 1026 3210; x_wconf 87' lang='lat' dir='ltr'>E·</span> <span class='ocrx_word' id='word_1_303' title='bbox 1140 3155 1329 3240; x_wconf 87' lang='lat' dir='ltr'>gerentur.</span> <span class='ocrx_word' id='word_1_304' title='bbox 1365 3143 1482 3214; x_wconf 91' lang='lat' dir='ltr'>Immo</span> <span class='ocrx_word' id='word_1_305' title='bbox 1521 3167 1643 3216; x_wconf 90' lang='lat' dir='ltr'>eorum</span> <span class='ocrx_word' id='word_1_306' title='bbox 1670 3143 1779 3216; x_wconf 86' lang='lat' dir='ltr'>etiam</span> <span class='ocrx_word' id='word_1_307' title='bbox 1807 3141 1905 3240; x_wconf 86' lang='lat' dir='ltr'>suit,</span> 
     </span>
     <span class='ocr_line' id='line_1_29' title="bbox 262 3231 1907 3340; baseline -0.001 -26"><span class='ocrx_word' id='word_1_308' title='bbox 262 3238 598 3334; x_wconf 64' lang='lat' dir='ltr'>autuonsomo,</span> <span class='ocrx_word' id='word_1_309' title='bbox 633 3237 711 3328; x_wconf 77' lang='lat' dir='ltr'>idoli</span> <span class='ocrx_word' id='word_1_310' title='bbox 745 3239 821 3312; x_wconf 84' lang='lat' dir='ltr'>Loci</span> <span class='ocrx_word' id='word_1_311' title='bbox 844 3239 1026 3314; x_wconf 76' lang='lat' dir='ltr'>servatori·</span> <span class='ocrx_word' id='word_1_312' title='bbox 1063 3231 1097 3301; x_wconf 88' lang='lat' dir='ltr'>D</span> <span class='ocrx_word' id='word_1_313' title='bbox 1141 3264 1214 3312; x_wconf 90' lang='lat' dir='ltr'>non</span> <span class='ocrx_word' id='word_1_314' title='bbox 1238 3241 1379 3312; x_wconf 75' lang='lat' dir='ltr'>tantum</span> <span class='ocrx_word' id='word_1_315' title='bbox 1405 3239 1445 3312; x_wconf 87' lang='lat' dir='ltr'>iu</span> <span class='ocrx_word' id='word_1_316' title='bbox 1473 3240 1599 3340; x_wconf 86' lang='lat' dir='ltr'>Pagis,</span> <span class='ocrx_word' id='word_1_317' title='bbox 1626 3241 1682 3316; x_wconf 85' lang='lat' dir='ltr'>sed</span> <span class='ocrx_word' id='word_1_318' title='bbox 1708 3245 1744 3315; x_wconf 73' lang='lat' dir='ltr'>dc</span> <span class='ocrx_word' id='word_1_319' title='bbox 1770 3244 1808 3317; x_wconf 91' lang='lat' dir='ltr'>in</span> <span class='ocrx_word' id='word_1_320' title='bbox 1836 3251 1907 3322; x_wconf 83' lang='lat' dir='ltr'>Ur.</span> 
     </span>
     <span class='ocr_line' id='line_1_30' title="bbox 259 3337 1904 3434; baseline 0.003 -18"><span class='ocrx_word' id='word_1_321' title='bbox 259 3343 344 3434; x_wconf 72' lang='lat' dir='ltr'>sort,</span> <span class='ocrx_word' id='word_1_322' title='bbox 370 3339 547 3428; x_wconf 80' lang='lat' dir='ltr'>Tribunis,</span> <span class='ocrx_word' id='word_1_323' title='bbox 585 3339 723 3413; x_wconf 81' lang='lat' dir='ltr'>Vicoriir</span> <span class='ocrx_word' id='word_1_324' title='bbox 748 3339 817 3415; x_wconf 66' lang='lat' dir='ltr'>&amp;e</span> <span class='ocrx_word' id='word_1_325' title='bbox 842 3340 903 3414; x_wconf 83' lang='lat' dir='ltr'>Ad</span> <span class='ocrx_word' id='word_1_326' title='bbox 938 3339 1024 3413; x_wconf 84' lang='lat' dir='ltr'>haec</span> <span class='ocrx_word' id='word_1_327' title='bbox 1142 3337 1244 3412; x_wconf 91' lang='lat' dir='ltr'>bibus</span> <span class='ocrx_word' id='word_1_328' title='bbox 1271 3339 1409 3412; x_wconf 75' lang='lat' dir='ltr'>Pituita</span> <span class='ocrx_word' id='word_1_329' title='bbox 1435 3339 1631 3432; x_wconf 84' lang='lat' dir='ltr'>celebrare,</span> <span class='ocrx_word' id='word_1_330' title='bbox 1659 3367 1699 3416; x_wconf 84' lang='lat' dir='ltr'>ac</span> <span class='ocrx_word' id='word_1_331' title='bbox 1722 3343 1843 3419; x_wconf 87' lang='lat' dir='ltr'>audire</span> <span class='ocrx_word' id='word_1_332' title='bbox 1868 3349 1904 3420; x_wconf 76' lang='lat' dir='ltr'>dc</span> 
     </span>
     <span class='ocr_line' id='line_1_31' title="bbox 259 3437 1906 3538; baseline 0.002 -22"><span class='ocrx_word' id='word_1_333' title='bbox 259 3443 337 3518; x_wconf 79' lang='lat' dir='ltr'>veri</span> <span class='ocrx_word' id='word_1_334' title='bbox 363 3441 473 3520; x_wconf 89' lang='lat' dir='ltr'>etiam</span> <span class='ocrx_word' id='word_1_335' title='bbox 488 3439 615 3516; x_wconf 72' lang='lat' dir='ltr'>simile</span> <span class='ocrx_word' id='word_1_336' title='bbox 640 3440 824 3532; x_wconf 83' lang='lat' dir='ltr'>videatur,</span> <span class='ocrx_word' id='word_1_337' title='bbox 860 3441 1025 3515; x_wconf 78' lang='lat' dir='ltr'>Vececomi·</span> <span class='ocrx_word' id='word_1_338' title='bbox 1140 3437 1307 3514; x_wconf 89' lang='lat' dir='ltr'>dirimere</span> <span class='ocrx_word' id='word_1_339' title='bbox 1318 3439 1533 3538; x_wconf 86' lang='lat' dir='ltr'>Popuiorum</span> <span class='ocrx_word' id='word_1_340' title='bbox 1545 3442 1906 3520; x_wconf 84' lang='lat' dir='ltr'>controversias.i.oei</span> 
     </span>
     <span class='ocr_line' id='line_1_32' title="bbox 261 3539 1906 3642; baseline 0.004 -26"><span class='ocrx_word' id='word_1_341' title='bbox 261 3563 309 3616; x_wconf 79' lang='lat' dir='ltr'>res</span> <span class='ocrx_word' id='word_1_342' title='bbox 333 3542 471 3619; x_wconf 88' lang='lat' dir='ltr'>eosdem</span> <span class='ocrx_word' id='word_1_343' title='bbox 497 3541 598 3617; x_wconf 81' lang='lat' dir='ltr'>suifl&#39;e</span> <span class='ocrx_word' id='word_1_344' title='bbox 633 3567 676 3618; x_wconf 85' lang='lat' dir='ltr'>sc</span> <span class='ocrx_word' id='word_1_345' title='bbox 706 3547 892 3616; x_wconf 76' lang='lat' dir='ltr'>servatores</span> <span class='ocrx_word' id='word_1_346' title='bbox 925 3541 1023 3634; x_wconf 84' lang='lat' dir='ltr'>Loci,</span> <span class='ocrx_word' id='word_1_347' title='bbox 1140 3547 1294 3614; x_wconf 80' lang='lat' dir='ltr'>servator</span> <span class='ocrx_word' id='word_1_348' title='bbox 1322 3555 1527 3640; x_wconf 83' lang='lat' dir='ltr'>propterea,</span> <span class='ocrx_word' id='word_1_349' title='bbox 1554 3557 1595 3614; x_wconf 89' lang='lat' dir='ltr'>ut</span> <span class='ocrx_word' id='word_1_350' title='bbox 1621 3539 1721 3642; x_wconf 90' lang='lat' dir='ltr'>supra</span> <span class='ocrx_word' id='word_1_351' title='bbox 1747 3543 1906 3622; x_wconf 88' lang='lat' dir='ltr'>vidimus</span> 
     </span>
     <span class='ocr_line' id='line_1_33' title="bbox 259 3639 1909 3746; baseline 0.001 -26"><span class='ocrx_word' id='word_1_352' title='bbox 259 3663 338 3720; x_wconf 86' lang='lat' dir='ltr'>tum</span> <span class='ocrx_word' id='word_1_353' title='bbox 364 3644 459 3746; x_wconf 87' lang='lat' dir='ltr'>quod</span> <span class='ocrx_word' id='word_1_354' title='bbox 494 3643 637 3744; x_wconf 88' lang='lat' dir='ltr'>utrique</span> <span class='ocrx_word' id='word_1_355' title='bbox 670 3641 767 3718; x_wconf 83' lang='lat' dir='ltr'>vices</span> <span class='ocrx_word' id='word_1_356' title='bbox 802 3641 962 3719; x_wconf 85' lang='lat' dir='ltr'>Comitis</span> <span class='ocrx_word' id='word_1_357' title='bbox 987 3671 1023 3718; x_wconf 87' lang='lat' dir='ltr'>a·</span> <span class='ocrx_word' id='word_1_358' title='bbox 1141 3643 1340 3742; x_wconf 85' lang='lat' dir='ltr'>appellatus</span> <span class='ocrx_word' id='word_1_359' title='bbox 1367 3641 1414 3716; x_wconf 88' lang='lat' dir='ltr'>est</span> <span class='ocrx_word' id='word_1_360' title='bbox 1438 3639 1558 3737; x_wconf 74' lang='lat' dir='ltr'>Miffus</span> <span class='ocrx_word' id='word_1_361' title='bbox 1582 3643 1749 3716; x_wconf 74' lang='lat' dir='ltr'>Comitis:</span> <span class='ocrx_word' id='word_1_362' title='bbox 1773 3671 1846 3743; x_wconf 86' lang='lat' dir='ltr'>quo</span> <span class='ocrx_word' id='word_1_363' title='bbox 1872 3675 1909 3722; x_wconf 87' lang='lat' dir='ltr'>e·</span> 
     </span>
     <span class='ocr_line' id='line_1_34' title="bbox 260 3741 1906 3849; baseline -0.004 -27"><span class='ocrx_word' id='word_1_364' title='bbox 260 3763 404 3849; x_wconf 78' lang='lat' dir='ltr'>gerent,</span> <span class='ocrx_word' id='word_1_365' title='bbox 424 3761 501 3822; x_wconf 90' lang='lat' dir='ltr'>tum</span> <span class='ocrx_word' id='word_1_366' title='bbox 523 3745 633 3820; x_wconf 92' lang='lat' dir='ltr'>etiam</span> <span class='ocrx_word' id='word_1_367' title='bbox 652 3744 748 3842; x_wconf 87' lang='lat' dir='ltr'>qood</span> <span class='ocrx_word' id='word_1_368' title='bbox 767 3743 924 3844; x_wconf 85' lang='lat' dir='ltr'>utrisque</span> <span class='ocrx_word' id='word_1_369' title='bbox 944 3745 1023 3819; x_wconf 84' lang='lat' dir='ltr'>Pla·</span> <span class='ocrx_word' id='word_1_370' title='bbox 1138 3741 1228 3818; x_wconf 88' lang='lat' dir='ltr'>tiam</span> <span class='ocrx_word' id='word_1_371' title='bbox 1262 3743 1410 3818; x_wconf 85' lang='lat' dir='ltr'>nomine</span> <span class='ocrx_word' id='word_1_372' title='bbox 1442 3741 1606 3818; x_wconf 82' lang='lat' dir='ltr'>eumdem</span> <span class='ocrx_word' id='word_1_373' title='bbox 1640 3743 1750 3820; x_wconf 89' lang='lat' dir='ltr'>donat</span> <span class='ocrx_word' id='word_1_374' title='bbox 1783 3749 1906 3822; x_wconf 82' lang='lat' dir='ltr'>Waia.</span> 
     </span>
     <span class='ocr_line' id='line_1_35' title="bbox 260 3843 1909 3940; baseline -0.003 -18"><span class='ocrx_word' id='word_1_375' title='bbox 260 3847 333 3922; x_wconf 89' lang='lat' dir='ltr'>cita</span> <span class='ocrx_word' id='word_1_376' title='bbox 356 3847 508 3940; x_wconf 85' lang='lat' dir='ltr'>habete,</span> <span class='ocrx_word' id='word_1_377' title='bbox 535 3873 576 3922; x_wconf 86' lang='lat' dir='ltr'>ac</span> <span class='ocrx_word' id='word_1_378' title='bbox 600 3847 767 3921; x_wconf 87' lang='lat' dir='ltr'>dirimere</span> <span class='ocrx_word' id='word_1_379' title='bbox 802 3847 884 3921; x_wconf 90' lang='lat' dir='ltr'>lites</span> <span class='ocrx_word' id='word_1_380' title='bbox 919 3843 1022 3920; x_wconf 85' lang='lat' dir='ltr'>sami·</span> <span class='ocrx_word' id='word_1_381' title='bbox 1142 3843 1253 3920; x_wconf 87' lang='lat' dir='ltr'>fridus</span> <span class='ocrx_word' id='word_1_382' title='bbox 1288 3845 1413 3919; x_wconf 85' lang='lat' dir='ltr'>Strabo</span> <span class='ocrx_word' id='word_1_383' title='bbox 1440 3844 1478 3917; x_wconf 87' lang='lat' dir='ltr'>in</span> <span class='ocrx_word' id='word_1_384' title='bbox 1504 3845 1619 3920; x_wconf 86' lang='lat' dir='ltr'>Libro</span> <span class='ocrx_word' id='word_1_385' title='bbox 1645 3845 1689 3920; x_wconf 88' lang='lat' dir='ltr'>de</span> <span class='ocrx_word' id='word_1_386' title='bbox 1716 3846 1803 3922; x_wconf 89' lang='lat' dir='ltr'>Reb.</span> <span class='ocrx_word' id='word_1_387' title='bbox 1838 3851 1909 3924; x_wconf 89' lang='lat' dir='ltr'>Ec.</span> 
     </span>
     <span class='ocr_line' id='line_1_36' title="bbox 260 3943 1906 4046; baseline 0.003 -24"><span class='ocrx_word' id='word_1_388' title='bbox 260 3947 348 4024; x_wconf 82' lang='lat' dir='ltr'>liare</span> <span class='ocrx_word' id='word_1_389' title='bbox 374 3947 486 4023; x_wconf 89' lang='lat' dir='ltr'>foret.</span> <span class='ocrx_word' id='word_1_390' title='bbox 522 3947 587 4022; x_wconf 85' lang='lat' dir='ltr'>Sed</span> <span class='ocrx_word' id='word_1_391' title='bbox 622 3947 706 4030; x_wconf 84' lang='lat' dir='ltr'>huic</span> <span class='ocrx_word' id='word_1_392' title='bbox 742 3945 935 4022; x_wconf 87' lang='lat' dir='ltr'>sententiae</span> <span class='ocrx_word' id='word_1_393' title='bbox 960 3947 1023 4022; x_wconf 90' lang='lat' dir='ltr'>oh·</span> <span class='ocrx_word' id='word_1_394' title='bbox 1141 3943 1221 4019; x_wconf 89' lang='lat' dir='ltr'>cles.</span> <span class='ocrx_word' id='word_1_395' title='bbox 1247 3943 1340 4022; x_wconf 83' lang='lat' dir='ltr'>Dixi</span> <span class='ocrx_word' id='word_1_396' title='bbox 1375 3943 1530 4021; x_wconf 75' lang='lat' dir='ltr'>deleiios</span> <span class='ocrx_word' id='word_1_397' title='bbox 1565 3947 1610 4020; x_wconf 90' lang='lat' dir='ltr'>ab</span> <span class='ocrx_word' id='word_1_398' title='bbox 1644 3945 1722 4046; x_wconf 88' lang='lat' dir='ltr'>ipso</span> <span class='ocrx_word' id='word_1_399' title='bbox 1757 3949 1906 4027; x_wconf 80' lang='lat' dir='ltr'>Gemite</span> 
     </span>
     <span class='ocr_line' id='line_1_37' title="bbox 259 4044 1903 4154; baseline 0.002 -30"><span class='ocrx_word' id='word_1_400' title='bbox 259 4048 345 4141; x_wconf 77' lang='lat' dir='ltr'>tter,</span> <span class='ocrx_word' id='word_1_401' title='bbox 373 4075 430 4124; x_wconf 91' lang='lat' dir='ltr'>me</span> <span class='ocrx_word' id='word_1_402' title='bbox 456 4047 626 4148; x_wconf 85' lang='lat' dir='ltr'>nusquam</span> <span class='ocrx_word' id='word_1_403' title='bbox 653 4047 813 4147; x_wconf 85' lang='lat' dir='ltr'>reperisse</span> <span class='ocrx_word' id='word_1_404' title='bbox 840 4051 956 4148; x_wconf 89' lang='lat' dir='ltr'>plures</span> <span class='ocrx_word' id='word_1_405' title='bbox 981 4045 1023 4121; x_wconf 82' lang='lat' dir='ltr'>st·</span> <span class='ocrx_word' id='word_1_406' title='bbox 1138 4044 1312 4146; x_wconf 80' lang='lat' dir='ltr'>ejusmodi</span> <span class='ocrx_word' id='word_1_407' title='bbox 1347 4045 1474 4121; x_wconf 86' lang='lat' dir='ltr'>Missos</span> <span class='ocrx_word' id='word_1_408' title='bbox 1501 4044 1571 4121; x_wconf 85' lang='lat' dir='ltr'>five</span> <span class='ocrx_word' id='word_1_409' title='bbox 1597 4045 1763 4123; x_wconf 87' lang='lat' dir='ltr'>Viearios</span> <span class='ocrx_word' id='word_1_410' title='bbox 1798 4049 1903 4154; x_wconf 74' lang='lat' dir='ltr'>suos3</span> 
     </span>
     <span class='ocr_line' id='line_1_38' title="bbox 259 4145 1905 4252; baseline 0.001 -26"><span class='ocrx_word' id='word_1_411' title='bbox 259 4151 337 4226; x_wconf 87' lang='lat' dir='ltr'>mul</span> <span class='ocrx_word' id='word_1_412' title='bbox 373 4149 615 4226; x_wconf 82' lang='lat' dir='ltr'>vicecomites</span> <span class='ocrx_word' id='word_1_413' title='bbox 650 4148 712 4223; x_wconf 91' lang='lat' dir='ltr'>sub</span> <span class='ocrx_word' id='word_1_414' title='bbox 747 4173 818 4224; x_wconf 88' lang='lat' dir='ltr'>uno</span> <span class='ocrx_word' id='word_1_415' title='bbox 853 4147 1022 4244; x_wconf 89' lang='lat' dir='ltr'>Comite,</span> <span class='ocrx_word' id='word_1_416' title='bbox 1067 4156 1097 4228; x_wconf 81' lang='grc' dir='ltr'><strong><em>Ε</em></strong></span> <span class='ocrx_word' id='word_1_417' title='bbox 1138 4148 1247 4246; x_wconf 88' lang='lat' dir='ltr'>idque</span> <span class='ocrx_word' id='word_1_418' title='bbox 1271 4173 1317 4222; x_wconf 87' lang='lat' dir='ltr'>ex</span> <span class='ocrx_word' id='word_1_419' title='bbox 1352 4145 1555 4248; x_wconf 72' lang='lat' dir='ltr'>eoujeiiura</span> <span class='ocrx_word' id='word_1_420' title='bbox 1590 4151 1756 4251; x_wconf 83' lang='lat' dir='ltr'>tanthm;</span> <span class='ocrx_word' id='word_1_421' title='bbox 1793 4177 1905 4252; x_wconf 83' lang='lat' dir='ltr'>quum</span> 
     </span>
     <span class='ocr_line' id='line_1_39' title="bbox 259 4246 1906 4355; baseline 0.002 -29"><span class='ocrx_word' id='word_1_422' title='bbox 259 4277 371 4352; x_wconf 82' lang='lat' dir='ltr'>quum</span> <span class='ocrx_word' id='word_1_423' title='bbox 397 4268 516 4326; x_wconf 88' lang='lat' dir='ltr'>tamen</span> <span class='ocrx_word' id='word_1_424' title='bbox 542 4277 615 4327; x_wconf 89' lang='lat' dir='ltr'>non</span> <span class='ocrx_word' id='word_1_425' title='bbox 650 4277 760 4326; x_wconf 89' lang='lat' dir='ltr'>unum</span> <span class='ocrx_word' id='word_1_426' title='bbox 800 4255 1023 4343; x_wconf 68' lang='lat' dir='ltr'>servatorem</span> <span class='ocrx_word' id='word_1_427' title='bbox 1136 4248 1222 4324; x_wconf 88' lang='lat' dir='ltr'>illos</span> <span class='ocrx_word' id='word_1_428' title='bbox 1248 4247 1456 4324; x_wconf 82' lang='lat' dir='ltr'>constituere</span> <span class='ocrx_word' id='word_1_429' title='bbox 1479 4246 1624 4348; x_wconf 88' lang='lat' dir='ltr'>aequius</span> <span class='ocrx_word' id='word_1_430' title='bbox 1643 4249 1690 4338; x_wconf 72' lang='lat' dir='ltr'>ad⁴</span> <span class='ocrx_word' id='word_1_431' title='bbox 1708 4250 1815 4352; x_wconf 89' lang='lat' dir='ltr'>Regis</span> <span class='ocrx_word' id='word_1_432' title='bbox 1842 4281 1906 4355; x_wconf 91' lang='lat' dir='ltr'>po·</span> 
     </span>
     <span class='ocr_line' id='line_1_40' title="bbox 241 4347 1904 4454; baseline 0.001 -26"><span class='ocrx_word' id='word_1_433' title='bbox 241 4353 355 4428; x_wconf 85' lang='lat' dir='ltr'>‘Loci</span> <span class='ocrx_word' id='word_1_434' title='bbox 380 4353 503 4428; x_wconf 90' lang='lat' dir='ltr'>eodem</span> <span class='ocrx_word' id='word_1_435' title='bbox 530 4371 716 4451; x_wconf 85' lang='lat' dir='ltr'>tempore,</span> <span class='ocrx_word' id='word_1_436' title='bbox 752 4370 859 4454; x_wconf 86' lang='lat' dir='ltr'>atque</span> <span class='ocrx_word' id='word_1_437' title='bbox 891 4352 931 4428; x_wconf 89' lang='lat' dir='ltr'>in</span> <span class='ocrx_word' id='word_1_438' title='bbox 967 4381 1024 4428; x_wconf 90' lang='lat' dir='ltr'>ea·</span> <span class='ocrx_word' id='word_1_439' title='bbox 1137 4351 1295 4426; x_wconf 85' lang='lat' dir='ltr'>testatem</span> <span class='ocrx_word' id='word_1_440' title='bbox 1316 4349 1531 4452; x_wconf 87' lang='lat' dir='ltr'>pertineret,</span> <span class='ocrx_word' id='word_1_441' title='bbox 1556 4350 1592 4424; x_wconf 80' lang='lat' dir='ltr'>te</span> <span class='ocrx_word' id='word_1_442' title='bbox 1619 4347 1771 4426; x_wconf 86' lang='lat' dir='ltr'>sortaffis</span> <span class='ocrx_word' id='word_1_443' title='bbox 1796 4353 1849 4428; x_wconf 88' lang='lat' dir='ltr'>ita</span> <span class='ocrx_word' id='word_1_444' title='bbox 1869 4354 1904 4430; x_wconf 91' lang='lat' dir='ltr'>se</span> 
     </span>
     <span class='ocr_line' id='line_1_41' title="bbox 259 4449 1905 4572; baseline 0.005 -47"><span class='ocrx_word' id='word_1_445' title='bbox 259 4453 340 4526; x_wconf 89' lang='lat' dir='ltr'>dem</span> <span class='ocrx_word' id='word_1_446' title='bbox 377 4455 473 4530; x_wconf 92' lang='lat' dir='ltr'>Urbe</span> <span class='ocrx_word' id='word_1_447' title='bbox 508 4452 819 4556; x_wconf 86' lang='lat' dir='ltr'>deprehenderim,</span> <span class='ocrx_word' id='word_1_448' title='bbox 855 4471 897 4530; x_wconf 88' lang='lat' dir='ltr'>ut</span> <span class='ocrx_word' id='word_1_449' title='bbox 930 4453 1023 4530; x_wconf 85' lang='lat' dir='ltr'>infra</span> <span class='ocrx_word' id='word_1_450' title='bbox 1136 4477 1191 4528; x_wconf 88' lang='lat' dir='ltr'>res</span> <span class='ocrx_word' id='word_1_451' title='bbox 1209 4449 1464 4526; x_wconf 72' lang='lat' dir='ltr'>habueritAEr</span> <span class='ocrx_word' id='word_1_452' title='bbox 1484 4449 1643 4572; x_wconf 60' lang='lat' dir='ltr'>antiquis</span> <span class='ocrx_word' id='word_1_453' title='bbox 1662 4457 1905 4533; x_wconf 76' lang='lat' dir='ltr'>monumentis</span> 
     </span>
     <span class='ocr_line' id='line_1_42' title="bbox 256 4551 1904 4655; baseline 0.001 -25"><span class='ocrx_word' id='word_1_454' title='bbox 256 4553 459 4630; x_wconf 84' lang='lat' dir='ltr'>ostendam.</span> <span class='ocrx_word' id='word_1_455' title='bbox 486 4555 595 4651; x_wconf 90' lang='lat' dir='ltr'>Quod</span> <span class='ocrx_word' id='word_1_456' title='bbox 621 4573 756 4630; x_wconf 85' lang='lat' dir='ltr'>eertum</span> <span class='ocrx_word' id='word_1_457' title='bbox 783 4555 850 4648; x_wconf 82' lang='lat' dir='ltr'>esi,</span> <span class='ocrx_word' id='word_1_458' title='bbox 877 4555 1021 4631; x_wconf 88' lang='lat' dir='ltr'>illustris</span> <span class='ocrx_word' id='word_1_459' title='bbox 1137 4579 1231 4630; x_wconf 85' lang='lat' dir='ltr'>nunc</span> <span class='ocrx_word' id='word_1_460' title='bbox 1251 4551 1389 4652; x_wconf 87' lang='lat' dir='ltr'>aliquid</span> <span class='ocrx_word' id='word_1_461' title='bbox 1409 4551 1499 4628; x_wconf 91' lang='lat' dir='ltr'>lucis</span> <span class='ocrx_word' id='word_1_462' title='bbox 1519 4551 1604 4628; x_wconf 88' lang='lat' dir='ltr'>hute</span> <span class='ocrx_word' id='word_1_463' title='bbox 1623 4573 1832 4655; x_wconf 87' lang='lat' dir='ltr'>argumento</span> <span class='ocrx_word' id='word_1_464' title='bbox 1847 4583 1904 4634; x_wconf 86' lang='lat' dir='ltr'>ac·</span> 
     </span>
     <span class='ocr_line' id='line_1_43' title="bbox 257 4652 1904 4758; baseline 0.002 -26"><span class='ocrx_word' id='word_1_465' title='bbox 257 4653 511 4756; x_wconf 66' lang='lat' dir='ltr'>suit-dignitas</span> <span class='ocrx_word' id='word_1_466' title='bbox 537 4655 709 4758; x_wconf 84' lang='lat' dir='ltr'>ejusmodi</span> <span class='ocrx_word' id='word_1_467' title='bbox 728 4657 1034 4758; x_wconf 80' lang='lat' dir='ltr'>Magistratuum.&#39;</span> <span class='ocrx_word' id='word_1_468' title='bbox 1138 4653 1258 4730; x_wconf 88' lang='lat' dir='ltr'>cedat.</span> <span class='ocrx_word' id='word_1_469' title='bbox 1282 4659 1313 4729; x_wconf 84' lang='lat' dir='ltr'><strong>E</strong></span> <span class='ocrx_word' id='word_1_470' title='bbox 1339 4652 1537 4730; x_wconf 82' lang='lat' dir='ltr'>Tabulario</span> <span class='ocrx_word' id='word_1_471' title='bbox 1561 4654 1728 4731; x_wconf 82' lang='lat' dir='ltr'>Lucenses</span> <span class='ocrx_word' id='word_1_472' title='bbox 1751 4657 1904 4735; x_wconf 87' lang='lat' dir='ltr'>Archie·</span> 
     </span>
     <span class='ocr_line' id='line_1_44' title="bbox 261 4753 1904 4859; baseline -0.002 -27"><span class='ocrx_word' id='word_1_473' title='bbox 261 4759 405 4832; x_wconf 78' lang='lat' dir='ltr'>Paullus</span> <span class='ocrx_word' id='word_1_474' title='bbox 439 4755 661 4837; x_wconf 76' lang='lat' dir='ltr'>Warnesridi.</span> <span class='ocrx_word' id='word_1_475' title='bbox 690 4759 775 4836; x_wconf 90' lang='lat' dir='ltr'>Lib.</span> <span class='ocrx_word' id='word_1_476' title='bbox 810 4761 846 4835; x_wconf 84' lang='lat'>6.</span> <span class='ocrx_word' id='word_1_477' title='bbox 872 4763 960 4859; x_wconf 78' lang='lat' dir='ltr'>Cap.</span> <span class='ocrx_word' id='word_1_478' title='bbox 990 4783 1025 4859; x_wconf 86' lang='lat'>3.</span> <span class='ocrx_word' id='word_1_479' title='bbox 1138 4753 1289 4858; x_wconf 89' lang='lat' dir='ltr'>piscopii</span> <span class='ocrx_word' id='word_1_480' title='bbox 1324 4755 1496 4832; x_wconf 77' lang='lat' dir='ltr'>Chartam</span> <span class='ocrx_word' id='word_1_481' title='bbox 1523 4755 1748 4858; x_wconf 83' lang='lat' dir='ltr'>archetypam</span> <span class='ocrx_word' id='word_1_482' title='bbox 1776 4757 1904 4835; x_wconf 74' lang='lat' dir='ltr'>desert.</span> 
     </span>
     <span class='ocr_line' id='line_1_45' title="bbox 258 4856 1907 4960; baseline -0.002 -25"><span class='ocrx_word' id='word_1_483' title='bbox 258 4858 302 4935; x_wconf 90' lang='lat' dir='ltr'>de</span> <span class='ocrx_word' id='word_1_484' title='bbox 327 4857 418 4934; x_wconf 86' lang='lat' dir='ltr'>Gest.</span> <span class='ocrx_word' id='word_1_485' title='bbox 454 4859 717 4960; x_wconf 86' lang='lat' dir='ltr'>Langobardor.</span> <span class='ocrx_word' id='word_1_486' title='bbox 751 4861 837 4936; x_wconf 90' lang='lat' dir='ltr'>haec</span> <span class='ocrx_word' id='word_1_487' title='bbox 874 4859 1022 4936; x_wconf 83' lang='lat' dir='ltr'>scribit:</span> <span class='ocrx_word' id='word_1_488' title='bbox 1137 4856 1747 4958; x_wconf 75' lang='lat' dir='ltr'>psr;ubi1.oeiseroeeoresquidam</span> <span class='ocrx_word' id='word_1_489' title='bbox 1772 4885 1907 4934; x_wconf 82' lang='lat' dir='ltr'>memo·</span> 
     </span>
     <span class='ocr_line' id='line_1_46' title="bbox 256 4957 1907 5060; baseline -0.005 -24"><span class='ocrx_word' id='word_1_490' title='bbox 256 4959 540 5056; x_wconf 66' lang='lat' dir='ltr'>forojulianorum</span> <span class='ocrx_word' id='word_1_491' title='bbox 564 4967 725 5034; x_wconf 83' lang='lat' dir='ltr'>Decorum</span> <span class='ocrx_word' id='word_1_492' title='bbox 750 4959 960 5060; x_wconf 82' lang='lat' dir='ltr'>(Aneirido</span> <span class='ocrx_word' id='word_1_493' title='bbox 986 4962 1025 5040; x_wconf 88' lang='lat' dir='ltr'>in</span> <span class='ocrx_word' id='word_1_494' title='bbox 1137 4979 1280 5050; x_wconf 87' lang='lat' dir='ltr'>rantur,</span> <span class='ocrx_word' id='word_1_495' title='bbox 1307 4958 1346 5034; x_wconf 93' lang='lat' dir='ltr'>in</span> <span class='ocrx_word' id='word_1_496' title='bbox 1373 4985 1524 5058; x_wconf 84' lang='lat' dir='ltr'>quorum</span> <span class='ocrx_word' id='word_1_497' title='bbox 1549 4983 1678 5034; x_wconf 88' lang='lat' dir='ltr'>munus</span> <span class='ocrx_word' id='word_1_498' title='bbox 1697 4957 1907 5035; x_wconf 76' lang='lat' dir='ltr'>&amp;aoiiori-</span> 
     </span>
    </p>
   </div>
   <div class='ocr_carea' id='block_1_2' title="bbox 256 5057 1908 5250">
    <p class='ocr_par' dir='ltr' id='par_1_2' title="bbox 256 5057 1908 5250">
     <span class='ocr_line' id='line_1_47' title="bbox 256 5057 1908 5250; baseline -0.003 -110"><span class='ocrx_word' id='word_1_499' title='bbox 256 5063 410 5140; x_wconf 82' lang='lat' dir='ltr'>exilium</span> <span class='ocrx_word' id='word_1_500' title='bbox 450 5063 566 5166; x_wconf 78' lang='lat' dir='ltr'>aiio)</span> <span class='ocrx_word' id='word_1_501' title='bbox 600 5061 668 5162; x_wconf 79' lang='lat' dir='ltr'>poli</span> <span class='ocrx_word' id='word_1_502' title='bbox 701 5064 776 5139; x_wconf 81' lang='lat' dir='ltr'>haec</span> <span class='ocrx_word' id='word_1_503' title='bbox 808 5069 889 5140; x_wconf 72' lang='lat' dir='ltr'>Aeo</span> <span class='ocrx_word' id='word_1_504' title='bbox 921 5063 1026 5156; x_wconf 72' lang='lat' dir='ltr'>freter</span> <span class='ocrx_word' id='word_1_505' title='bbox 1136 5057 1397 5240; x_wconf 42' lang='lat' dir='ltr'>tatenngehior</span> <span class='ocrx_word' id='word_1_506' title='bbox 1412 5085 1550 5136; x_wconf 89' lang='lat' dir='ltr'>mecum</span> <span class='ocrx_word' id='word_1_507' title='bbox 1565 5060 1908 5250; x_wconf 66' lang='lat' dir='ltr'>inquiratopoptet.</span> 
     </span>
     <span class='ocr_line' id='line_1_48' title="bbox 1316 5182 1856 5240; baseline -0.015 -3"><span class='ocrx_word' id='word_1_508' title='bbox 1316 5182 1340 5237; x_wconf 75' lang='lat' dir='ltr'>a</span> <span class='ocrx_word' id='word_1_509' title='bbox 1775 5185 1856 5240; x_wconf 85' lang='lat' dir='ltr'>ua.</span> 
     </span>
    </p>
   </div>
   <div class='ocr_carea' id='block_1_3' title="bbox 0 0 2290 6096">
    <p class='ocr_par' dir='ltr' id='par_1_3' title="bbox 0 0 2290 6096">
     <span class='ocr_line' id='line_1_49' title="bbox 0 0 2290 6096; baseline 0 2"><span class='ocrx_word' id='word_1_510' title='bbox 0 0 2290 6096; x_wconf 95' lang='lat' dir='ltr'> </span> 
     </span>
    </p>
   </div>
  </div>
 </body>
</html>
