4536 6064
489 387 577 497 '755
778 375 1197 496 Aurrourr.
1256 376 1729 474 nantrnrvr
1923 396 2009 502 „a

431 491 553 590 buius,
581 492 630 568 lca
654 511 691 566 ut
711 515 770 592 per
787 495 932 593 fingulos
949 497 1099 592 fingulas
1125 519 1197 594 αρι-
1223 501 1270 572 ·Α
1309 497 1398 572 dunt
1423 525 1531 594 nenne
1565 501 1595 571 le
1620 500 1761 579 vendite,
1789 497 1876 574 idest
1902 493 2070 575 medieta-

432 620 487 670 rcr
511 597 716 682 annualiter,
743 597 799 668 uli
824 596 920 686 nostri
945 599 1087 670 ordinati
1101 623 1196 697 prcc-

432 699 588 794 cipercnt,
624 717 811 771 exercerent.
847 697 935 772 Idest
968 701 1072 773 elidii
1110 698 1197 774 falti

434 798 536 881 sunt,
563 797 691 874 exinde
717 797 828 874 futuri
848 797 912 894 sub
938 805 1041 874 tutela
1066 807 1198 877 Mona-

432 899 526 976 llcrii
554 898 765 976 Cafinensts.
794 905 981 1004 Propterea
1000 905 1136 978 Patroni
1161 931 1198 980 e-

433 1002 524 1077 tiam
552 1003 742 1102 appellati,
777 1003 840 1102 qui
880 1006 932 1103 jus
958 1006 1132 1081 habebant
1158 1005 1198 1080 in

434 1103 594 1206 Aldios;
632 1131 671 1180 ac
700 1104 846 1204 proinde
871 1105 901 1180 ii
929 1107 1058 1208 specics
1084 1111 1198 1182 Liber-

434 1227 562 1294 torum,
589 1231 671 1280 nam
698 1207 841 1282 Liberti
867 1215 1043 1293 Patronus,
1069 1211 1198 1310 quibus

435 1307 586 1386 obnoxii
610 1329 732 1391 crant,
758 1313 1000 1386 Romanorum
1020 1339 1117 1388 more
1136 1339 1198 1414 ap-

1309 619 1382 674 tetn
1409 601 1549 701 frugum
1575 602 1611 676 δε
1638 600 1815 676 scubluum
1842 601 1938 702 agri.
1964 604 2071 676 Certe

1308 701 2070 802 TmieccresiSeruisdistinguuntur‚quam·
2096 787 2102 798 ·

1307 829 1414 902 quarn
1442 803 1527 878 adeo
1545 803 1724 879 obnoxiae
1743 829 1784 878 ac
1809 804 1957 878 humilis
1984 829 2071 876 con-

1307 905 1458 980 ditionis
1484 905 1614 988 edent,
1641 923 1682 980 ut
1706 906 1903 978 Excreiraler
1921 927 1978 979 accc
1997 903 2070 976 Mi-

1308 1007 1382 1079 liter
1400 1005 1478 1082 fieri
1505 1006 1793 1108 prohiberentur:
1823 1006 1917 1105 quod
1936 1009 1971 1080 &
1992 1010 2069 1080 Scr-

1309 1106 1364 1182 vis
1403 1107 1635 1184 interdilium
1676 1108 1780 1184 fuit.
1825 1107 1890 1184 Sed
1928 1107 2069 1207 quando

1309 1211 1486 1306 Menandri
1510 1209 1733 1286 Mutinenscs
1758 1208 1850 1284 mibi
1882 1208 2070 1283 memorati

1309 1308 1415 1404 sunt,
1455 1309 1650 1386 addendum
1687 1327 1796 1409 puto,
1836 1309 2068 1410 pervetustum

436 1409 637 1530 ppllabant.
680 1415 727 1484 Et
752 1437 874 1512 operas
900 1414 1044 1512 quidem
1073 1419 1197 1489 Patro·
1237 1429 1266 1500 Β
1310 1412 1375 1487 elle
1414 1439 1537 1488 eorum
1576 1412 1871 1488 institutionem.
1910 1410 2071 1484 Penicrii

435 1539 492 1586 nrs
506 1509 588 1630 'suis
615 1511 727 1632 iacere
747 1513 851 1588 certis
876 1515 1084 1612 quibusdam
1106 1535 1198 1591 tern-

437 1611 1110 1818 deindidlnriildiliiirocsraspcililigbaalicintired1
1108 1773 1118 1809 ,
1146 1637 1199 1792 ¹iti

435 1832 556 1892 tamen
584 1815 771 1893 secundum
799 1819 966 1894 Lotharii
991 1824 1018 1894 l.
1046 1826 1200 1920 lmpera·

434 1919 525 1994 toria
565 1923 700 2020 Legem
745 1943 828 1996 100.
865 1922 1169 2024 Langobardicam
1184 1967 1198 2010 =,

407 2077 411 2086 .
435 2047 552 2096 nouam
570 2021 775 2094 conditionem
797 2025 940 2098 Alrlirni
960 2025 1113 2121 imponere
1132 2027 1198 2096 Pa·

434 2122 533 2198 troni
570 2122 862 2221 prohiberentur.
900 2129 943 2200 ln
977 2125 1197 2204 locationum

320 2253 324 2260 ·
434 2251 577 2324 quoque
597 2220 636 2301 ἃ
661 2225 892 2322 precariarum
916 2227 1061 2302 Chartis
1088 2227 1200 2301 inter·

1309 1514 1423 1586 Coloni
1456 1514 1623 1590 dicuntur
1657 1515 1696 1590 iu
1732 1511 1948 1596 Pandeblis,
1987 1512 2069 1587 Tit.

1310 1616 1451 1698 Luccei,
1490 1619 1516 1692 l.
1545 1615 1580 1702 li
1613 1641 1746 1690 merces:
1780 1611 1906 1712 cosque
1941 1613 2068 1688 Graeci

1310 1734 1507 1800 noverunt,
1534 1717 1629 1815 quod
1655 1717 1787 1793 reditus
1806 1741 1969 1816 agrorum
1992 1737 2071 1814 par·
2222 1719 2223 1722 ’

1309 1817 1446 1890 cirencnr
1471 1845 1552 1894 cum
1590 1819 1774 1894 Domino.
1809 1817 1873 1892 Sed
1909 1819 1945 1890 δι
1980 1815 2071 1917 apud
2223 1854 2224 1898 t

1311 1917 1531 2018 Reginonem
1559 1917 1643 1997 Lib'.
1671 1920 1810 2021 primo,
1836 1922 1925 2018 Cap.
1945 1941 2007 2016 43.
2031 1919 2072 1988 rle

1310 2021 1426 2113 Ecclcfi
1466 2023 1683 2119 Disciplina,
1726 2023 1762 2096 δι
1801 2020 1914 2096 Libro
1954 2018 2071 2117 primo

1310 2124 1399 2220 Cap.
1437 2145 1522 2218 157.
1556 2121 1822 2224 capitularium
1860 2119 2072 2222 baluzianae

1310 2222 1482 2298 editionis
1508 2223 1665 2326 legitur:
1703 2225 1775 2321 Qui
1798 2225 1865 2298 tale
1889 2219 2073 2313 beneficium

436 2325 521 2402 dum
549 2353 588 2402 ca
617 2325 768 2402 lormu'la
808 2329 964 2403 occurrit
1001 2328 1073 2428 poll
1099 2329 1200 2430 pabla
1233 2321 1286 2444 Cl
1309 2323 1450 2408 babent,
1477 2327 1521 2398 D
1547 2329 1593 2400 ad
1617 2328 1813 2414 medietatem
1839 2326 2002 2397 laborant.
2030 2325 2074 2394 ln

435 2425 551 2504 inita:
582 2434 630 2502 Ec
656 2430 748 2502 nulla
770 2430 840 2504 elic
860 2430 1098 2528 superimposita
1108 2429 1199 2523 fiat,

435 2529 506 2604 hoc
533 2529 602 2620 est,
629 2531 722 2606 ultra
749 2529 849 2631 pafla
875 2534 1014 2606 nullum
1042 2531 1140 2606 aliud
1161 2559 1202 2607 o·

436 2659 525 2716 uus,
553 2631 756 2720 tributum,
783 2649 844 2708 aut
871 2633 1012 2734 augaria
1039 2633 1203 2734 impona-

436 2751 516 2810 tur.
553 2737 670 2810 Durat
707 2734 797 2834 apud
835 2761 899 2810 nos
933 2761 1064 2810 nomen
1101 2736 1204 2810 ltali—

438 2862 519 2910 cum
547 2835 704 2934 impelle,
741 2835 937 2932 fignificans
963 2835 1221 2934 lnlillionem,

437 2940 630 3020 Tribunum,
667 2953 729 3010 aut
755 2935 851 3010 aliud
878 2934 991 3010 fimile
1016 2963 1106 3012 onus
1134 2941 1200 3012 Po·

436 3041 524 3142 pulo
549 3035 775 3138 impofitum.
815 3036 911 3124 Heio
946 3050 1064 3114 autem
1091 3040 1202 3140 Capi·

437 3145 554 3216 tulare
580 3139 713 3216 Sicardi
742 3139 919 3242 Principis
959 3141 1201 3218 Beneventani

1311 2425 1456 2502 Chattis
1491 2425 1643 2504 Gallicis
1678 2423 1944 2524 lDu-Cangio
1976 2421 2075 2498 indi·
2226 2432 2227 2456 ¹

1309 2527 1399 2602 catis
1425 2530 1619 2602 Melieccrii
1652 2531 1900 2630 appellantur:
1938 2528 1974 2598 dt
2002 2523 2076 2598 mi·

1310 2655 1411 2712 rum,
1437 2629 1520 2728 quei
1546 2629 1699 2705 eximius
1724 2630 1788 2703 illc
1808 2630 1876 2700 Vir
1900 2623 1964 2698 libi
1985 2651 2074 2698 con-

1311 2729 1456 2804 finxerit
1482 2729 1690 2801 Mediccerier
1719 2733 1836 2798 Scruer
1848 2773 1860 2807 ,
1887 2724 2000 2813 idest,
2028 2743 2074 2800 ut

1312 2831 1375 2904 illc
1401 2827 1589 2928 opinatur,
1614 2829 1670 2924 qui
1695 2829 1813 2924 duobus
1840 2825 1990 2898 Dominis
2017 2829 2076 2900 cb-

1315 2931 1401 3004 neaic'
1435 2949 1545 3004 erant.
1580 2932 1698 3023 Qua·
1735 2929 1773 3002 in
1799 2952 1882 3019 ,rem
1919 2924 2076 3004 Chartae

1314 3032 1445 3108 veteris
1472 3032 1576 3106 verba
1602 3028 1733 3106 adfert:
1758 3029 1908 3124 Cenccffic
1934 3035 2005 3101 Dee
2025 3027 2074 3110 &¹

1313 3135 1433 3209 saeclo
1438 3140 1472 3226 J
1471 3135 1589 3207 obanni
1600 3134 1774 3230 Bepcillac
1791 3131 2074 3227 capillumque

440 3247 529 3342 Cap.
559 3265 615 3338 14.
642 3243 733 3343 apud
761 3242 1027 3345 Peregriniurn‚
1056 3248 1150 3318 Part.
1173 3247 1201 3318 Ι.
1247 3243 1278 3310 D
1313 3257 1382 3308 etat
1411 3237 1474 3326 [cea
1510 3237 1662 3316 Villcnc,
1698 3255 1733 3305 ur
1768 3229 1840 3328 effer
1875 3230 2074 3304 Medietcric

439 3344 553 3420 Tomi
581 3349 618 3420 11
656 3351 736 3420 Rer.
762 3347 918 3420 Italicar.
944 3346 1104 3422 consulas
1141 3373 1203 3421 ve·

1313 3335 1430 3410 snut
1441 3336 1607 3428 sumn
1630 3335 1698 3433 ns.
1719 3336 1763 3406 o
1772 3333 1848 3428 ,cru
1864 3333 1919 3425 sm·
1937 3331 1971 3403 a,
1989 3333 2073 3425 s...

438 3447 532 3536 lim,
574 3445 636 3522 ubi
671 3445 828 3547 legitur:
875 3455 929 3524 Dc
972 3449 1205 3524 Terticteribns
1311 3439 1500 3535 Pllmflm
1522 3435 1571 3517 &
1592 3459 1692 3510 cotun
1708 3437 1900 3530 servicium»
1924 3437 2005 3532 Μ
2020 3433 2074 3526 s0·

438 3551 493 3628 boc
509 3549 625 3635 Jletit,
650 3569 687 3620 ut
712 3551 804 3624 nulla
829 3575 915 3632 neve
941 3550 1121 3651 (sorraffis
1140 3579 1203 3626 an.
1314 3536 1402 3610 lebat
1433 3539 1609 3635 persolvere
1641 3537 1780 3619 Comici,
1804 3539 1845 3609 dc
1878 3556 1975 3626 cetere
2001 3558 2074 3632 per-

439 3649 535 3752 garia
563 3670 624 3726 aut
646 3649 666 3690 *
688 3651 891 3752 conjedlio)
915 3659 938 3726 l
959 3673 1054 3750 parte
1075 3656 1204 3754 Reipu-
1309 3639 1447 3758 ltlvfrsst
1486 3637 1607 3712 sufflo
1636 3639 1788 3758 lobeni
1800 3691 1833 3758 ⁸.
1850 3635 1916 3712 Sed
1936 3636 2073 3756 ⁸primo

438 3754 539 3828 eticae
563 3752 578 3848 (
590 3751 675 3828 iden
698 3753 900 3852 Principis)
924 3755 1124 3852 impanatur,
1148 3787 1202 3834 eea
1316 3740 1473 3816 fallatur:
1510 3767 1626 3840 neque
1650 3765 1746 3814 emm
1776 3738 1855 3826 hnc
1890 3755 2007 3838 agatur
2030 3735 2073 3810 de

439 3875 524 3950 repro
557 3855 694 3953 antiqua
727 3856 974 3948 consuetudine.
1011 3857 1086 3950 Qui
1123 3858 1204 3932 heic
1317 3847 1425 3918 Servo
1460 3861 1521 3920 aut
1557 3841 1726 3923 Ancilla,
1761 3839 1817 3915 sed
1852 3839 1997 3944 quidem
2030 3836 2073 3956 de

442 3961 635 4030 thtictcttr
658 3958 886 4054 appellantur,
922 3975 983 4032 aut
1008 3984 1053 4032 ex
1079 3961 1204 4033 mdio-
1319 3947 1472 4030 Villana,
1499 3946 1566 4020 hoc
1593 3943 1639 4036 est
1665 3943 1708 4018 dc
1734 3944 1854 4016 Colone
1880 3966 1970 4060 cupi·
1987 3937 2073 4014 filus

442 4084 513 4130 rum
538 4083 662 4157 genere
688 4057 849 4140 fuerunt,
875 4077 937 4134 aut
962 4059 1086 4134 saltem
1112 4062 1204 4134 celo.
1243 4104 1249 4115 ·
1319 4047 1408 4126 suis.
1434 4047 1568 4124 Coloni
1592 4063 1732 4136 autern,
1755 4039 1813 4119 l'eu
1841 4041 1973 4118 Rustica
1999 4043 2078 4115 Ser··

442 4159 481 4232 ni
506 4159 600 4260 agric
626 4157 816 4260 adscripti,
849 4160 977 4262 quibus
1002 4161 1073 4238 fine
1098 4164 1204 4239 venia
1242 4153 1272 4222 E
1301 4153 1385 4230 ¹vili
1406 4150 1555 4226 minime
1574 4145 1658 4224 noti
1680 4146 1931 4264 inurebantur,
1951 4167 2074 4262 quam:

442 4261 596 4338 Domini
636 4261 710 4338 alib
748 4261 900 4364 migrare
934 4289 1006 4338 uon
1046 4263 1204 4340 licebat.
1317 4281 1424 4354 quam
1450 4253 1503 4330 ita
1537 4252 1658 4351 glebae
1684 4246 1755 4321 five
1781 4271 1873 4348 agne
1908 4242 2074 4342 adferrptt

443 4363 557 4436 Coloni
595 4367 788 4437 Terciareccr
824 4363 917 4441 infra
955 4369 1204 4468 appellantur,
1241 4429 1245 4434 .
1316 4355 1476 4448 luerint,
1511 4373 1551 4430 ut
1576 4353 1616 4428 in
1643 4349 1858 4427 commercio
1883 4343 2074 4466 nonosecus

1317 4487 1357 4535 ac
1392 4457 1492 4536 Servi
1530 4455 1663 4532 client.
1703 4449 1841 4527 Deinde
1880 4449 2076 4520 Medcrtnrcc

1317 4558 1450 4637 dicitur
1475 4587 1514 4637 ea
1541 4557 1696 4638 mulier,
1721 4579 1792 4628 non
1818 4549 1914 4650 quod
1941 4547 2076 4622 duobus

1319 4663 1486 4740 Dominis
1521 4659 1775 4748 famularetur,
1815 4651 1872 4729 sed
1908 4647 2004 4750 quod
2038 4675 2075 4722 a·

1317 4791 1397 4865 gros
1432 4761 1552 4838 Sanbli
1591 4757 1761 4850 lobannis
1798 4759 1852 4832 ed·
1881 4751 2077 4826 naedictctrec

442 4463 586 4542 {ortall'c
610 4466 704 4586 puod
732 4465 884 4541 aliorum
911 4495 1012 4587 apros
1042 4469 1205 4586 incolen-

441 4583 519 4660 tes,
539 4583 682 4644 tetttam
710 4583 844 4666 partem
870 4569 1048 4646 redituum
1075 4575 1205 4644 Dorm-

440 4696 493 4746 no
520 4671 751 4772 praeberent,
778 4685 839 4743 aut
874 4665 938 4742 srbi
965 4673 1204 4756 lucrarentur.

441 4775 499 4850 Ita
509 4773 613 4850 nobis
623 4773 800 4874 agricolae
809 4769 1031 4848 Mutinenscs
1047 4770 1091 4812 *³*
1104 4779 1206 4870 Me<-

443 4879 541 4971 zalri
579 4877 747 4957 dicuntur
763 4925 796 4962 ,-
817 4875 882 4978 qui
921 4873 1082 4952 Domino
1126 4873 1204 4953 red·
1285 4871 1495 4952 ,laborarem
1519 4867 1559 4939 A
1584 4860 1781 4988 Melinntie
1806 4855 1898 4962 apud
1921 4863 2076 5037 rpppppt

503 5123 542 5168 ·⁸
564 5123 775 5193 librariorum
796 5143 933 5219 errorem
954 5139 1118 5208 putamuc3
1139 5116 1221 5192 lone
1241 5112 1348 5186 mellic
1367 5109 1553 5198 legendum.

515 5205 559 5246 'l'
581 5209 622 5276 lu
643 5205 764 5273 Tuscia
783 5207 986 5289 Mezaesucli.
