4594 6070
380 344 691 532 missionum
714 323 1154 555 iiihishhiifi
1183 333 1413 552 nibisis,
1426 339 1699 554 'astitisti
1707 517 1717 538 .
1754 457 1809 537 nt
1842 358 1956 538 aiii
1965 460 2017 539 est

380 536 412 610 io
430 541 569 642 suppia,
593 571 751 646 provenite
776 560 880 652 quello
903 559 938 631 d'
953 561 1143 657 infrendant,

383 649 486 718 aeusi
512 650 538 726 ii
563 677 649 728 nante
673 655 710 725 di
736 661 872 752 Fando,
906 667 961 734 dei
994 667 1087 762 quale
1111 693 1142 737 o·

380 749 579 848 riginazioni
597 755 675 847 scano
691 761 777 846 state
805 762 965 860 speculare
999 769 1144 842 Danicbe

380 877 400 922 a
437 851 638 946 Saiibnicbe.
672 864 734 935 An
774 865 932 966 primltm
971 869 1142 967 prodierit

382 953 531 1032 verbum
565 959 787 1057 infeduciare,
823 993 934 1064 quum
969 971 1063 1046 idem
1100 971 1142 1046 stt

381 1081 485 1162 atque
534 1063 757 1159 instanciam,
807 1071 1057 1166 DuAEanpius
1102 1073 1140 1147 in

380 1165 530 1242 Glolsar.
557 1169 680 1244 Latin.
708 1171 751 1244 ad
776 1197 902 1247 vocem
938 1175 1077 1247 Fiducia
1101 1203 1140 1250 o-

378 1267 533 1344 stendere
559 1272 712 1372 poterit.
738 1277 780 1348 In
807 1276 1027 1375 praecedenti
1054 1304 1140 1376 quo·

377 1397 447 1470 que
474 1373 653 1448 Differtat.
681 1381 726 1448 X.
750 1377 793 1450 de
818 1380 941 1450 Minor.
959 1377 1140 1474 JuflrMi·
1179 1367 1209 1438 Β

379 1475 510 1566 niflris,
526 1475 664 1550 ,Charta
683 1477 849 1553 Lucensss
868 1481 969 1553 Anni
990 1484 1139 1556 DCCC·

378 1579 497 1650 xxti.
523 1578 717 1667 infednciare
742 1580 868 1654 habet.
895 1585 948 1654 At
974 1582 1068 1679 quod
1095 1582 1141 1656 est

378 1679 422 1752 ad
449 1678 624 1780 originem
662 1682 792 1772 feudi,
828 1707 952 1755 vercor
987 1702 1026 1756 ut
1061 1685 1138 1782 qui·

378 1779 500 1878 squam
531 1780 702 1878 ejusmodi
738 1781 959 1884 conjeilurae
996 1783 1139 1858 subscri·

379 1883 463 1956 bat.
500 1883 605 1956 Nihil
632 1883 727 1957 aliud
755 1884 912 1984 antiquis
937 1884 1006 1960 fuit
1033 1889 1135 1970 Fidu-

379 1985 482 2074 tiara,
509 1983 579 2057 stuc
606 1984 819 2076 infiduciare,
856 2013 965 2084 quum
991 1987 1034 2061 de
1061 1986 1134 2062 fun·

379 2083 434 2158 dis
472 2086 662 2185 agebatur,
699 2088 761 2160 nist
797 2091 923 2186 pignori
957 2092 1035 2162 dare
1069 2089 1138 2165 stre

379 2188 607 2283 oppignerare,
634 2215 846 2287 quamquam
883 2189 1055 2265 censuerit
1082 2191 1139 2264 1s1.

1249 564 1397 660 Pignus,
1432 563 1530 638 aliud
1557 569 1724 656 Feudum,
1759 563 1812 638 uti
1840 566 1948 640 etiam
1976 593 2015 641 a·

1250 664 1327 739 liud
1377 665 1624 762 Empbytenfir,
1649 669 1685 740 δι
1711 669 1854 764 Pignur.
1890 673 2012 765 Quare

1250 765 1360 841 etiam
1387 768 1461 868 poli
1495 767 1678 846 invedum
1713 793 1845 842 nomen
1878 774 2010 863 feudi,

1252 871 1403 965 antiquo
1421 871 1546 945 eodem
1572 870 1669 944 sensu
1697 891 1923 968 perrexerunt
1942 877 2013 946 Ita.

1250 972 1278 1044 li
1294 971 1457 1045 adbibere
1473 997 1598 1044 vocem
1613 972 1825 1064 infiduciare.
1845 976 1886 1045 In
1902 974 2015 1050 Cbar.

1251 1091 1286 1144 ta
1313 1072 1413 1146 Anni
1442 1077 1588 1148 MLlll.
1611 1073 1703 1170 apud
1725 1073 1955 1148 puricellium
1973 1077 2014 1151 in

1251 1175 1499 1247 Monumentis
1535 1172 1703 1248 Bastlicae
1737 1175 2014 1270 Ambrofianae,

1250 1277 1366 1350 Aliam·
1377 1278 1475 1364 dare,
1490 1283 1544 1346 vel
1559 1297 1743 1348 commutare
1754 1332 1764 1367 ,
1774 1278 1831 1347 vei
1844 1279 2012 1372 libellam,
2142 1297 2144 1300 ·
2292 1261 2293 1312 l

1250 1379 1305 1450 vei
1330 1380 1542 1467 venumdare,
1566 1377 1675 1449 autin
1700 1376 1896 1469 Beneficium
1913 1383 2014 1472 dare,

1245 1478 1318 1564 sive
1342 1503 1398 1573 per
1423 1477 1547 1574 Pignus
1567 1478 1777 1569 infitiatione.
1797 1480 1871 1552 Ubi
1892 1481 2017 1574 vides,

1252 1577 1390 1653 diversa
1414 1580 1487 1652 duo
1506 1578 1627 1670 fuisse,
1646 1579 1684 1654 in
1708 1580 1927 1673 Beneficium,
1945 1584 2017 1658 save

1254 1685 1399 1753 feudum
1419 1683 1516 1769 dare,
1531 1683 1565 1754 ὃ(
1582 1704 1640 1777 per
1657 1683 1781 1778 Pignus
1800 1681 2015 1774 infiduciate.

1304 1783 1431 1858 Liceat
1447 1803 1620 1881 practerea
1638 1783 1729 1862 mihi
1746 1783 1917 1859 Chartam
1935 1811 2016 1885 pro·

1253 1884 1401 1974 ducere,
1425 1909 1532 1983 quam
1558 1896 1738 1982 acceptam
1764 1887 1880 1960 resero
1900 1886 2015 1986 fingu-

1253 1986 1318 2059 lari
1346 2011 1428 2083 erga
1454 2011 1510 2058 me
1540 1983 1756 2060 humanitati
1791 1987 2016 2063 celeberrimi

1252 2089 1335 2160 Vtri
1372 2091 1416 2159 D.
1452 2085 1633 2161 Guidonis
1671 2089 1825 2163 Grandii
1858 2081 2012 2164 Abbatis

1252 2186 1554 2274 Camaldulenlis,
1589 2189 1625 2259 δι
1653 2189 1788 2286 publici
1815 2189 1856 2262 in
1879 2193 2017 2270 Licaeo

380 2287 506 2378 dorus,
526 2291 694 2390 exiguum
715 2291 859 2390 aliquod
878 2291 1067 2367 discrimen
1086 2293 1139 2367 in·
1180 2289 1214 2360 C
1254 2289 1380 2363 Pisano
1398 2286 1676 2362 Mathematicae
1691 2288 1910 2366 Professoris.
1926 2299 2016 2372 Eam

379 2391 555 2466 tercedere
582 2391 676 2468 iuter
702 2395 899 2486 Fiduciam,
935 2395 970 2468 8<
998 2395 1143 2492 Pignus.

379 2492 622 2589 Liutprandus
660 2497 971 2596 Langobardorum
1000 2501 1076 2570 Rex
1103 2495 1141 2569 in

378 2597 480 2694 Lege
505 2599 553 2666 V.
578 2595 664 2670 Lib.
694 2599 729 2670 6.
757 2601 866 2669 Anno
904 2603 1141 2673 Dccxxtv.

381 2697 605 2796 promulgata
626 2695 695 2794 (ut
716 2696 862 2772 habetur
889 2702 983 2774 Part.
1002 2705 1050 2773 Il.
1067 2703 1140 2774 To·

382 2796 437 2870 mi
467 2800 494 2870 1.
522 2803 602 2871 Rer.
639 2798 872 2898 Italicarum)
909 2800 983 2900 agit
1018 2801 1061 2875 de
1088 2806 1139 2874 ln·

378 2897 499 2992 sante,
533 2899 590 2996 qni
615 2926 662 2971 res
682 2899 760 2993 [uas
784 2901 958 3000 cuicumque
989 2905 1141 2977 vendide-

1253 2391 1319 2466 ille
1347 2387 1519 2488 rescripsit
1545 2415 1588 2462 ex
1616 2388 1821 2464 authentico
1846 2393 2016 2474 existente

1254 2493 1294 2568 in
1321 2491 1485 2568 Archino¹
1510 2488 1794 2589 Arcbiepiscopii
1824 2493 1962 2571 Pisani.
1981 2503 2015 2572 1.

1255 2595 1295 2669 bi
1320 2595 1439 2694 agitur
1471 2591 1516 2664 de
1548 2587 1740 2664 vendendis
1771 2595 1913 2688 praediis
1946 2619 2018 2672 tane

1255 2691 1514 2780 conmendatio,
1549 2717 1643 2788 qnam
1677 2691 1909 2787 infiduciatis,
1945 2699 2017 2775 hoc

1255 2797 1301 2872 esi
1327 2794 1369 2869 de
1398 2792 1581 2867 Allodiis:
1620 2819 1702 2866 nam
1730 2795 1934 2874 Feudalium
1960 2827 2019 2877 te·

1260 2924 1340 2974 rum
1365 2893 1556 2971 interdibla
1582 2911 1658 2967 erat
1682 2894 1879 2972 alienatio.

436 3081 662 3186 Concordia
690 3083 795 3172 inter
824 3085 1071 3176 Bonisacium
1105 3084 1407 3192 Marchionem,
1436 3079 1564 3198 pallea
1594 3077 1763 3168 Tusciae
1789 3086 1969 3200 Ducem,

642 3207 692 3298 ,δι
721 3205 997 3320 Magesredum
1030 3208 1180 3294 Ubaldi
1211 3204 1369 3312 filium,
1409 3201 1457 3284 de
1488 3200 1756 3314 permutandis

718 3355 720 3360 ’
755 3325 874 3414 variis
905 3325 1050 3413 Castris
1078 3327 1119 3412 ra
1148 3319 1345 3446 praediis,
1366 3325 1488 3405 Anno
1523 3346 1649 3428 1034.

387 3516 475 3704 IN
496 3521 620 3612 Christi
640 3525 765 3597 nomine
781 3526 851 3599 &a
877 3527 941 3600 Die
966 3533 1064 3599 Sexto
1086 3533 1148 3603 Ca·
1188 3523 1235 3600 D'
1255 3524 1299 3594 (9
1321 3513 1464 3609 coniage
1482 3510 1547 3602 suar
1564 3513 1654 3583 deber
1671 3515 1772 3601 florete
1789 3520 1958 3592 Cartalam
1974 3522 2018 3594 de

461 3626 573 3698 landas
596 3628 731 3723 Aprilis
741 3680 755 3716 ,
780 3626 817 3697 in
841 3629 930 3718 ioco,
965 3655 1026 3722 qne
1056 3651 1146 3698 vaca·
1248 3625 1312 3718 sua
1335 3617 1496 3720 portiom,
1522 3635 1616 3707 quana
1632 3610 1702 3700 sibi
1723 3620 1861 3714 pertinet
1885 3627 1925 3692 de
1952 3623 2015 3696 iila

1254 3727 1425 3798 hereditare
1452 3715 1486 3786 in
1512 3715 1599 3802 domo
1618 3719 1742 3810 suain
1764 3719 1864 3812 Miffo
1880 3723 2016 3817 prediiii

1257 3820 1440 3920 Bonifatii,
1468 3818 1512 3886 (Ψ
1530 3817 1577 3887 ibi
1595 3823 1630 3892 in
1654 3820 1773 3910 jndicio
1790 3825 1939 3896 laudare.
1952 3829 2017 3898 iu.

1252 3933 1345 4030 super
1359 3917 1520 4028 paradisius
1547 3924 1756 4014 Bonefacius,
1782 3946 1840 3996 ant
1863 3927 1897 3996 in
1924 3927 2017 4022 quale

1255 4035 1384 4130 persona
1411 4020 1473 4118 ipit
1497 4023 1684 4115 Boaafaa‘us
1702 4027 1825 4116 eiierit,
1846 4027 2018 4100 nominati.

390 4151 460 4224 que
485 4128 673 4222 Matthia,
700 4157 816 4202 necnon
841 4131 925 4204 inter
942 4135 1149 4232 Magefredus
1257 4163 1299 4207 ve
1320 4138 1360 4206 de
1378 4134 1441 4226 sua
1462 4129 1626 4217 portiana,
1653 4153 1710 4222 qne
1736 4129 1778 4214 esi
1804 4129 1954 4200 mediitas
1978 4129 2019 4199 ata

387 3743 445 3796 tur
467 3730 637 3815 Mantua,
662 3727 696 3796 in
719 3726 877 3822 presentia
902 3731 1048 3798 bonorum
1073 3729 1147 3797 omi·

389 3849 487 3912 num,
506 3851 609 3894 corum
627 3827 755 3898 nomina
769 3827 876 3912 subter
894 3829 1070 3922 leguntur:
1085 3829 1147 3914 sia.

388 3926 434 3994 tit
447 3945 542 4020 atque
560 3925 708 3997 canania
724 3928 806 3998 inter
825 3927 1035 4004 Bonesacius
1053 3933 1148 4004 Mar·

390 4022 495 4115 ebio,
522 4023 621 4101 silius
645 4027 823 4127 quondam
843 4029 1019 4106 Teudaldi
1046 4031 1145 4106 item·

382 4226 481 4319 filius
506 4237 664 4329 quondam
698 4234 836 4327 Ubaldi,
872 4257 910 4308 nt
932 4240 974 4308 ab
998 4240 1090 4308 hodie
1113 4265 1145 4309 u-

385 4327 471 4424 sque
490 4337 535 4404 ad
559 4337 725 4406 terminum
753 4341 825 4409 Vll.
851 4340 1012 4411 calendas
1037 4341 1150 4410 Madii

389 4432 505 4506 debent
523 4435 560 4528 se
585 4436 767 4534 conjungere
792 4442 896 4511 ambra
916 4459 1025 4536 partes
1042 4439 1087 4512 ad
1103 4442 1146 4511 io-

389 4559 484 4624 affl,
510 4565 572 4634 qne
591 4559 725 4610 voratur
748 4537 891 4622 Mafima
904 4593 1016 4615 .....
1028 4568 1087 4630 as,
1114 4541 1149 4612 in

386 4634 548 4730 presentia
578 4638 701 4740 Ugoni
725 4639 905 4732 Comitis,
932 4644 1094 4740 &quale
1117 4671 1148 4714 e·

382 4733 445 4832 jus
478 4761 565 4815 ante.
586 4744 722 4814 aiterum
755 4741 802 4814 ibi
834 4743 980 4833 venerit,
1015 4743 1152 4840 capesset

390 4838 528 4916 aiterum
552 4843 646 4942 nsque
668 4845 712 4916 ad
736 4843 870 4936 occasum
887 4845 994 4917 satis.
1013 4851 1063 4918 Et
1078 4874 1147 4919 cunt

391 4938 442 5016 ibi
466 4943 625 5040 conjnniii
637 4945 781 5038 fuerint,
806 4966 880 5018 tune
895 4945 1055 5044 prediiius
1072 4953 1151 5020 Ma·

391 5047 539 5142 gestuiittt
553 5052 648 5124 teter
656 5049 762 5142 sature
779 5049 917 5124 Carraria
931 5051 1151 5146 venditionis,

1260 4237 1371 4324 Castro
1393 4259 1476 4326 uno,
1503 4235 1585 4332 quud
1608 4232 1791 4300 nominatur
1815 4229 2016 4321 Scanuiiunr,

1260 4341 1305 4410 Θ·
1331 4333 1520 4410 incircuitu
1547 4331 1684 4427 ejusdem
1717 4332 1824 4420 Casiri
1848 4358 1915 4403 cum
1939 4333 2018 4402 duo.

1195 4443 1236 4532 E¹
1258 4440 1354 4512 centis
1388 4438 1582 4526 tornatoris,
1609 4433 1710 4519 fimat
1744 4435 1788 4503 Θ
1821 4434 2022 4506 medietatem

1260 4543 1300 4613 de
1318 4541 1383 4634 sna
1404 4543 1546 4637 portione
1568 4541 1611 4610 de
1633 4531 1709 4621 ralis
1729 4527 1779 4606 r&
1804 4536 1947 4608 omnibns
1972 4561 2020 4606 re·

1259 4647 1316 4717 bns
1340 4645 1386 4716 ad
1409 4645 1512 4715 eudem
1537 4639 1647 4727 Castro
1671 4637 1715 4708 o
1739 4643 1839 4708 Curta
1859 4635 2020 4734 pertinen·

1258 4750 1369 4834 tibus,
1404 4771 1515 4816 verum
1549 4744 1646 4814 etiam
1681 4741 1726 4809 (r
1759 4739 1953 4809 medietatem
1977 4737 2017 4807 de

1258 4847 1401 4919 omnibus
1425 4845 1572 4934 Castris,
1598 4844 1642 4914 Θ·
1666 4841 1849 4937 Cappeiiis‚
1871 4836 1943 4921 live
1967 4861 2020 4909 aa·

1251 4949 1300 5035 fis
1323 4948 1534 5040 donnicatis,
1559 4947 1603 5018 ti*
1628 4939 1832 5038 massariciis,
1859 4939 1904 5007 Φ·
1928 4939 2026 5008 rebus

1229 5037 1369 5125 latomus·
1403 5051 1534 5142 coltile,
1567 5069 1661 5146 atque
1695 5037 1907 5136 univerfijqne
1930 5041 2021 5112 ratus

1877 5138 1971 5211 terri.
