4536 6064
457 355 543 472 '7'11
751 354 1163 476 ANTIQUIT.
1224 351 1463 448 MEDII
1514 359 1694 450 ΑΕΗ
1890 398 1975 482 712
2061 463 2066 470 ,

1201 477 1236 548 Α
1275 478 1409 579 semper
1434 477 1708 556 dimittebantur
1731 481 1829 554 Servi
1859 503 1917 578 pre
1943 509 2040 554 reme-

1275 582 1352 664 dio,
1381 579 1450 656 live
1475 587 1608 654 mercede
1632 587 1759 658 animae
1787 583 1886 676 suae.
1925 587 2039 657 Duce-

404 681 586 780 Praeterra
628 679 813 756 secunditm
854 687 988 784 Legem
1035 687 1168 757 Roma·
1277 685 1380 760 batur
1405 691 1668 760 autemServus
1692 683 2038 786 juxta.s1veutdi-

404 809 487 857 nam
516 782 587 878 post
611 781 754 882 imperii
773 785 1050 860 declinationem
1071 785 1166 859 idem
1277 813 1353 861 cere
1377 785 1655 869 consueverunt,
1682 788 1763 860 eirca
1797 789 1940 868 eneam,
1975 805 2038 861 aut

404 885 720 984 pronuntiabatur,
746 905 787 962 ut
813 886 945 961 constat
963 915 1007 962 ex
1031 885 1167 962 sormu-
1276 909 1352 962 ante
1375 888 1462 982 sacri
1485 891 1621 964 ..ditaris
1654 915 1746 961 cornu
1773 887 1952 984 (Certum
1981 914 2040 962 ac·

405 987 451 1062 lis
478 987 754 1062 sirmondianis.
783 989 876 1064 Heic
903 1009 1020 1064 autem
1048 994 1169 1090 appel-
1279 989 1418 1065 censum
1445 989 1483 1065 in
1511 989 1673 1066 manibus
1699 990 1846 1064 tenuisse
1868 989 2039 1086 ejusmodi

406 1089 501 1165 latur
526 1115 597 1162 oon
625 1091 765 1172 Saliea‚
794 1090 848 1164 sed
875 1095 984 1190 Regia
1008 1095 1170 1184 consuetu·
1280 1091 1463 1176 homines,
1490 1091 1644 1168 Chartae
1670 1091 1761 1167 insra
1780 1092 1931 1166 edendae
1959 1115 2040 1191 pto-

405 1191 468 1274 do,
495 1189 630 1268 denarii
657 1191 831 1268 exeuffio:
871 1199 983 1296 Reges
1009 1196 1104 1269 enim
1132 1223 1171 1270 e·
1279 1194 1394 1294 dent)
1421 1193 1544 1294 ibique
1573 1195 1749 1272 Dominus
1785 1191 1923 1266 disertis
1959 1219 2038 1266 rer·

406 1291 560 1394 jusmodi
586 1293 696 1369 ritum
732 1294 830 1395 saepe
866 1295 1093 1395 usurparunt,
1129 1315 1170 1374 ut
1280 1296 1335 1370 bis
1362 1321 1441 1370 eum
1478 1299 1498 1370 I
1539 1297 1728 1372 Servitutis
1764 1297 1848 1397 jugo
1884 1295 2037 1370 solutum
2129 1361 2132 1368 .

407 1395 538 1470 constat
564 1395 673 1470 etiam
700 1424 744 1472 ex
781 1397 986 1497 Diplomate
1021 1399 1170 1474 Ottonis
1212 1409 1240 1479 B
1281 1396 1561 1495 pronuntiabat.
1599 1399 1638 1472 ld
1674 1417 1817 1497 quoque
1850 1395 2037 1470 secundum

407 1499 474 1572 111.
496 1497 621 1574 Italiae
642 1499 748 1600 Regis
769 1503 859 1598 apud
878 1503 1041 1576 Martene
1060 1506 1170 1578 Tom.
1279 1503 1338 1588 Ius
1367 1503 1567 1576 Romanum
1594 1499 1747 1582 saslum,
1774 1519 1880 1595 atque
1905 1497 1949 1571 ab
1974 1497 2040 1596 'ip-²

407 1599 436 1674 Ι.
475 1625 554 1701 pag.
592 1624 673 1696 104.
710 1599 878 1677 Thesaut.
923 1603 1101 1678 Anecdot.
1138 1603 1169 1676 Ii
1234 1695 1240 1702 .
1280 1598 1345 1675 fios
1372 1601 1597 1676 Co'nllantini
1633 1601 1759 1704 Magni
1796 1600 2010 1693 temporibus
2025 1641 2042 1682 ,·

408 1711 493 1776 veto
514 1699 713 1778 manumiffi
733 1703 900 1778 dicuntur
919 1705 1065 1788 Liberi,
1086 1726 1173 1777 tam·
1281 1703 1335 1776 uti
1371 1703 1644 1778 luculenriffime
1679 1731 1743 1776 nos
1771 1702 1900 1775 docent
1935 1701 2040 1774 binae

408 1817 505 1900 quam
531 1804 632 1876 Miles
654 1806 819 1902 publicus:
849 1831 931 1880 nam
959 1824 998 1880 ut
1022 1805 1061 1878 in
1089 1805 1172 1880 Dis·-
1281 1806 1375 1904 leges
1401 1805 1548 1880 Codicis
1575 1803 1778 1898 Juslinianei
1801 1802 1881 1878 Tit.
1903 1810 1943 1874 de
1966 1802 2039 1883 bie,

407 1901 487 1978 sert.
516 1907 870 1980 xxv1.deMitieia
904 1909 1077 1992 monebo,
1104 1909 1173 1983 Li·
1279 1913 1333 2001 qui
1368 1906 1402 1976 in
1421 1908 1555 1998 'Ecclefi
1582 1907 1782 1985 mereamim,
1809 1929 1894 2001 quas
1928 1901 2036 1976 etiam

408 2003 484 2080 beri
520 2009 660 2082 tantitm
696 2005 856 2082 homines
892 2007 1037 2109 cingulo
1072 2009 1172 2085 mili·
1279 2007 1429 2106 legimus
1456 2009 1495 2081 in
1521 2007 1769 2082 Theodosiano
1791 2006 1871 2080 Tit.
1892 2007 1933 2076 de
1958 2010 2042 2075 Ma„

407 2103 482 2182 tiae
515 2106 755 2182 donabantur.
792 2109 946 2206 Cithprte
979 2117 1168 2194 Romanas,
1280 2111 1367 2178 numi
1392 2111 1516 2182 conibet
1557 2113 1590 2180 in
1633 2109 1795 2192 Ecclesia.
1837 2104 2038 2180 Adnotavit

408 2233 481 2284 oon
509 2235 595 2286 vcro
621 2211 789 2284 Latinus:
813 2237 903 2310 quae
928 2210 1070 2288 dicendi
1096 2211 1170 2287 fon-
1280 2229 1396 2284 autem
1433 2209 1654 2286 dosliffrmus
1688 2211 1746 2284 vir
1778 2211 1925 2299 Iacobus
1963 2212 2039 2280 Go-

408 2335 468 2386 ma
494 2311 539 2383 ab
573 2310 653 2410 ipsts
692 2311 851 2410 antiquis
887 2314 1077 2397 Romanis,
1112 2313 1169 2389 sed
1209 2312 1241 2384 C
1280 2310 1486 2404 tltosredus‚
1522 2313 1632 2388 ritum
1668 2313 1761 2387 bunc
1794 2335 1839 2385 ex
1875 2307 2040 2384 Ethnieis

407 2409 626 2531 potissumum
653 2439 697 2488 ex
724 2417 821 2516 Lege
839 2415 1065 2494 Constantini
1088 2421 1172 2490 Ma·
1280 2413 1324 2486 ad
1339 2413 1558 2534 §licinianos
1578 2414 1775 2534 tradublum
1791 2411 1911 2531 suisset
1929 2435 2039 2528 quum

407 2513 674 2698 belles.
687 2515 1173 2694 ‘imiilsnilfmds'l
1279 2517 1689 2716 l.Ib¹.,¹I..l5I'II{:
1716 2531 2043 2689 {bilbilis}

505 527 602 599 Liber
625 525 706 616 ello,
732 549 826 626 arque
850 529 957 610 abito,
980 556 1039 634 quc
1057 531 1165 602 uoles.

256 2779 263 2790 ,
408 2714 497 2792 tiam
526 2717 668 2794 tradunt
695 2718 915 2794 vetulliffimi
950 2720 1171 2822 Scriptores,
1280 2716 1349 2814 giri
1389 2713 1564 2791 solerent.
1610 2719 1789 2788 Praeterea
1829 2712 1868 2786 in
1910 2711 2039 2785 Asrica

409 2816 624 2914 quicumque
651 2817 841 2894 Servitutis
879 2819 1024 2894 vinculo
1058 2821 1174 2898 solve·
1280 2817 1442 2892 eumdem
1482 2815 1770 2891 Manumisfionis
1803 2839 1940 2889 morem
1975 2814 2043 2885 ob-

410 2919 540 3000 batur,
575 2918 797 2994 efficiebatur
830 2919 936 2994 Civis
972 2927 1172 3010 Romanus,
1283 2917 1455 2994 servatum
1483 2918 1625 2993 testatur
1653 2915 1800 2990 Sanbius
1828 2913 2041 3013 Augustinus

409 3046 450 3096 ac
474 3017 547 3110 iure
571 3017 753 3116 Quiritium
777 3018 847 3098 srui
869 3020 1085 3122 incipiebat,
1104 3025 1171 3100 hoc
1281 3026 1388 3094 Serm.
1408 3023 1504 3094 xxt.
1519 3019 1668 3096 edition.
1689 3013 1938 3091 benedisiinae
1956 3021 2041 3090 San-

408 3119 456 3194 cst
482 3117 556 3218 pari
583 3145 663 3196 cum
691 3121 844 3197 Civibus
873 3125 1043 3200 Romania
1064 3125 1174 3200 liber·
1282 3121 1332 3198 dli
1368 3120 1489 3196 Mauri
1526 3119 1573 3195 iis
1609 3119 1743 3194 uerbis:
1781 3126 1919 3191 Servum
1952 3139 2040 3188 tuum

409 3237 503 3298 tate.
530 3223 584 3296 1ta
610 3223 838 3300 manumissus
863 3227 1050 3300 Widerbora
1075 3227 1174 3302 dice·
1215 3221 1246 3294 ὓ
1282 3223 1567 3295 manumittendum
1585 3250 1680 3292 mauu
1694 3221 1781 3294 ducis
1800 3222 1834 3289 in
1851 3217 2038 3302 Ecclesiam.

410 3321 540 3406 batur,
566 3322 651 3398 idest
676 3325 939 3424 quodammodo
957 3350 1109 3406 renatas.
1131 3333 1171 3404 In
1284 3325 1344 3396 Fit
1361 3323 1546 3409 silentium.
1583 3325 1725 3397 Libellus
1760 3343 1833 3392 tuus
1860 3323 2040 3406 recitatur,-

409 3425 577 3500 Fotmttla
603 3422 849 3504 sirmondiana
874 3428 918 3506 de
954 3435 1063 3509 Servo
1076 3483 1090 3516 ,
1116 3432 1172 3532 ju·
1283 3446 1341 3498 aut
1358 3423 1406 3514 fit
1426 3423 1574 3509 desiderii
1596 3425 1646 3495 ttti
1666 3425 1853 3517 prosecutio.
1879 3419 1972 3494 Infra
1994 3447 2037 3494 ex

409 3553 457 3626 go
483 3524 673 3601 Servitutis
698 3525 838 3632 solut03
865 3529 1018 3607 dicitur:
1058 3535 1102 3605 Ο·
1122 3533 1172 3620 sl-
1284 3523 1407 3600 eodem
1442 3524 1632 3615 discimus,
1659 3543 1744 3598 tune
1779 3521 1892 3622 frangi
1920 3519 2039 3594 solitas

409 3649 460 3701 cut
486 3629 548 3702 alii
571 3629 670 3700 Cives
696 3635 837 3704 Romani
865 3625 972 3706 vitani
996 3643 1093 3710 ducat
1118 3635 1173 3708 in·
1285 3627 1412 3700 tabulas
1437 3623 1604 3723 scriptas,
1628 3651 1702 3724 quo
1727 3645 1886 3722 tempore
1914 3627 2038 3696 servus

405 3756 565 3826 genuam.
592 3729 721 3806 Eadem
748 3731 888 3809 dicendi
911 3733 1024 3810 forma
1047 3765 1174 3813 occur·
1285 3747 1400 3804 emtus
1420 3723 1554 3809 iuerat,
1577 3746 1637 3801 aut
1661 3727 1703 3802 ad
1727 3723 1946 3801 serviendum
1971 3721 2038 3797 sese

411 3829 459 3905 rit
486 3829 525 3906 in
551 3829 636 3904 aliis
668 3858 789 3920 eorum
817 3825 1015 3935 temporum
1056 3839 1171 3910 Cbar-
1284 3831 1482 3904 obtulerat.
1502 3827 1655 3902 Proinde
1668 3855 1782 3901 novae
1800 3827 1940 3901 tabulae
1958 3823 2040 3899 seri-

413 3929 487 4013 tis,
514 3951 619 4030 atque
654 3936 762 4008 etiam
797 3937 983 4012 roboratur
1017 3937 1175 4014 audiori-
1286 3934 1476 4011 bebantur.
1499 3929 1720 4006 Libertatem
1744 3928 1935 4002 concessam
1962 3951 2041 4024 pro-

412 4051 486 4106 tate
512 4032 643 4132 Legis,
669 4039 725 4130 qui
750 4039 895 4134 religiosa
919 4039 1012 4116 Cod.
1036 4045 1076 4116 de
1102 4043 1174 4126 bis,
1269 4035 1431 4116 dentes,
1467 4033 1596 4133 quibus
1630 4057 1773 4106 manum
1813 4029 1908 4103 suam
1945 4025 2042 4100 testes

414 4135 472 4230 qm·
497 4137 532 4206 in
570 4136 719 4221 Eccleliit
756 4143 1043 4219 manumittuntur.
1080 4145 1174 4218 Vide
1219 4140 1262 4210 E?
1285 4135 1478 4226 addebant.
1513 4135 1591 4228 Qui
1614 4131 1834 4213 chartularii,
1861 4129 2044 4202 Cherrella-
2085 4177 2089 4185 -

414 4239 449 4311 de
476 4236 681 4312 Ennodiutn
707 4239 744 4314 in
771 4241 940 4340 opuscul.
966 4249 1069 4321 VIII.
1108 4245 1173 4322 Sed
1285 4241 1335 4322 ti,
1355 4235 1403 4318 ψ’
1420 4234 1607 4310 chartulari
1624 4235 1662 4310 in
1682 4231 1949 4332 Cupitularibus
1975 4233 2042 4304 Re-

414 4339 577 4414 omnium
618 4340 877 4440 vulgatissimus
915 4345 1007 4423 ritus
1050 4373 1176 4424 manu·
1285 4367 1369 4442 gum
1397 4345 1633 4420 Francorum,
1659 4336 1815 4437 Legibus
1840 4332 2045 4434 Langobrr-

414 4436 589 4524 mlffionls
615 4441 802 4538 praecipue
839 4449 973 4524 berulis
1010 4450 1178 4546 pollet-io·
1286 4443 1401 4523 dieis,
1426 4437 1576 4538 aliisque
1610 4457 1768 4514 veterum
1805 4431 2044 4509 monumentis

366 4575 369 4582 ·
414 4540 514 4618 ribus
538 4541 632 4619 suit.
657 4537 773 4616 servos
799 4541 837 4615 in
863 4547 1064 4626 libertatem
1092 4551 1177 4624 asse-
1286 4558 1497 4632 occurrunt,
1524 4541 1617 4615 nibil
1643 4540 1739 4616 aliud
1775 4531 1877 4612 suillo
1901 4535 2045 4610 credun·

412 4671 490 4722 rete
512 4643 552 4720 in
575 4642 681 4719 sacris
703 4645 868 4745 Templis
888 4673 1006 4724 eoram
1030 4649 1178 4750 Episco-
1287 4665 1346 4726 tur
1361 4645 1599 4744 Du-Cangio,
1613 4667 1718 4742 quam
1738 4639 1837 4716 teni
1858 4635 2045 4756 percitae:

413 4773 488 4848 po,
512 4766 576 4825 aut
600 4771 719 4823 coram
756 4749 1001 4826 Sacerdotibus
1034 4755 1069 4826 oe
1108 4756 1206 4828 Po·'
1288 4767 1361 4824 tarn
1399 4741 1619 4820 manumisb.
1648 4742 1757 4842 Quod
1781 4759 1917 4816 certum
1953 4735 2045 4814 mtbr

413 4854 523 4950 pulo,
546 4871 625 4928 tum
651 4849 695 4925 ad
721 4853 891 4954 majorem
917 4853 968 4930 rei
1005 4853 1178 4931 stabilita·
1287 4849 1356 4934 est,
1375 4847 1404 4923 ii
1429 4847 1466 4921 in
1494 4845 1719 4947 Privilegiia,
1740 4869 1831 4944 quae
1852 4845 1961 4940 Reges
1984 4851 2046 4912 aut

413 4974 513 5037 tem,
538 4972 619 5032 tum
650 4953 760 5030 etiam
796 4955 839 5030 ad
875 4956 1074 5033 uberiorem
1098 4961 1180 5059 glo·
1289 4957 1522 5051 Imperatores
1562 4949 1827 5028 concedebam,
1861 4967 1931 5017 una
1949 4961 2046 5042 ¹eum

374 5057 504 5180 'tiam
522 5055 742 5136 Christianae
760 5057 956 5149 Caritatis.
976 5065 1062 5138 Fere
1080 5059 1178 5139 euim
1287 5055 1428 5148 Sertis,
1453 5051 1629 5136 colonis,
1653 5051 1690 5126 dt
1724 5043 2049 5224 Libdlaggpapnm.
