4536 6064
268 463 352 554 745
564 435 935 524 nrssrnrurro
954 451 958 463 ·
975 433 1497 549 Qunct'ADECIMA.
1665 437 1684 477 2
1710 445 1796 544 74⁶

210 551 419 636 eonferenda
460 569 536 630 erat
563 579 623 652 per
649 554 761 628 alium
790 552 974 652 publicum
1013 557 1048 626 A
1087 553 1138 624 cis
1166 549 1272 626 nostri
1299 550 1471 653 temporis
1492 547 1643 624 minime
1668 539 1853 627 dillimiles

212 658 351 736 ailam.
378 655 477 730 Audi
503 655 762 754 Liurprandum
786 660 917 755 Regem
938 655 976 729 in
1087 651 1188 727 fnisse
1215 653 1406 730 uidentur.
1436 651 1541 728 Nulli
1569 653 1717 730 domino
1744 650 1857 724 obno-

213 765 311 860 Lege
340 783 357 853 5
365 785 398 856 3.
425 756 508 834 Lib.
529 761 566 834 6.
592 755 725 854 Siquis
752 755 868 854 (idest
886 757 978 830 liber
1089 755 1167 844 xii,
1194 753 1258 829 nisr
1286 773 1457 854 quantum
1485 757 1520 828 δι
1548 755 1705 851 quandiu
1744 749 1858 854 patrie

213 861 356 960 homo)
391 861 533 934 „aarum
569 861 737 941 alienam,
776 879 835 932 aur
863 858 979 952 suam,
1090 857 1248 934 inuicem
1276 855 1463 932 conventis
1499 855 1513 952 (
1541 856 1635 957 quod
1672 857 1769 956 saepe
1796 853 1860 927 lie·

214 968 259 1038 acl
286 969 414 1038 Uxorem
441 961 549 1032 uellere
582 963 741 1044 voluerit,
773 960 877 1051 faeiat
911 987 979 1033 earu
1091 962 1151 1034 bat
1182 959 1199 1058 )
1233 959 1276 1034 ad
1312 959 1466 1033 aliorum
1501 983 1602 1058 agros
1642 957 1858 1034 excolendos

215 1064 472 1146 Guiderboraur,
491 1063 576 1148 ficut
600 1063 735 1136 edilium
769 1063 906 1136 eontinet
941 1063 981 1134 de
1090 1061 1142 1136 ita
1170 1059 1238 1136 sele
1273 1061 1509 1161 obliga-bant,
1551 1075 1590 1132 ut
1627 1059 1709 1136 inde
1736 1057 1858 1132 inuito

214 1167 373 1242 Ancilla.
409 1168 641 1240 Germanicae
681 1165 843 1264 Linguae
871 1161 979 1262 periti
1091 1163 1240 1238 domino
1261 1163 1419 1238 recedere
1443 1160 1497 1236 eis
1518 1185 1589 1234 uon
1610 1162 1754 1238 liceret.
1781 1159 1859 1255 Qui

216 1267 444 1342 Guiderboram
457 1316 470 1350 ,
497 1287 557 1340 aut
585 1269 802 1340 Wrderboram
829 1293 892 1365 pro
918 1267 980 1338 Li·
1091 1267 1227 1348 ostealae
1246 1265 1336 1368 apud
1358 1262 1524 1360 antiquos
1548 1267 1793 1364 appellantur,
1808 1289 1858 1346 ‚a·
1976 1307 1984 1318 ·

215 1373 291 1460 iera
312 1388 514 1465 exponunt:
547 1369 701 1460 honest,
730 1369 832 1468 plena
852 1367 980 1442 Liber·
1093 1368 1224 1442 lienam
1254 1385 1381 1440 terram
1418 1367 1601 1446 colentes,
1637 1369 1672 1440 ὅ(
1699 1367 1718 1438 l
1746 1364 1861 1437 Servis

216 1489 290 1546 tate
317 1471 427 1544 Aldia
453 1471 518 1544 illa
546 1470 735 1561 donanda,
777 1465 817 1544 δι
842 1471 982 1542 Amuud
1021 1466 1049 1536 Β
1093 1467 1390 1558 ἀὶῐίἱηᾶἱ,ἱάεω
1410 1465 1597 1540 bominum
1621 1493 1750 1568 genus,
1774 1463 1860 1540 idest

216 1572 477 1674 pronuntianda
513 1590 608 1654 erat,
645 1588 685 1646 ut
720 1571 789 1645 rite
825 1597 904 1646 curn
941 1595 981 1664 ea
1094 1571 1309 1646 Liberorum
1335 1566 1447 1643 alicui
1473 1569 1748 1661 famulantium,
1775 1567 1863 1643 fuis·

217 1675 329 1757 Liber
354 1673 464 1748 homo
490 1673 696 1774 conjugium
724 1671 817 1747 inire
844 1671 980 1772 poffet.
1095 1671 1129 1748 ie
1156 1673 1341 1746 videntur.
1376 1677 1546 1743 Servorum
1580 1690 1698 1746 autem
1735 1670 1861 1746 condi·

218 1781 361 1876 Nempe
384 1777 611 1876 Langobardi
632 1787 742 1874 quum
765 1773 923 1870 aliquem
942 1772 980 1848 in
1063 1741 1069 1837 l
1096 1774 1151 1849 tio
1175 1800 1214 1848 ac
1238 1800 1343 1848 onera
1366 1772 1404 1846 in
1425 1775 1604 1846 culturae
1647 1799 1748 1848 orum
1769 1799 1859 1872 quae

217 1878 306 1954 llatu
334 1877 492 1980 integrae
527 1877 724 1954 Libertatis
764 1875 914 1965 politum
940 1873 1010 1947 fi..
1097 1874 1239 1964 forent,
1278 1875 1345 1970 'ram
1375 1874 1554 1972 proditum
1582 1799 1692 1950 ‘pin
1720 1877 1861 1974 praece-⁴

211 1977 387 2079 gnificare
415 1979 809 2068 uolebant‚·vocabulo
835 1977 983 2062 Fullreal
1097 1975 1196 2050 clenti
1224 1975 1403 2049 Dillertat.
1438 1979 1537 2048 le.
1561 1979 1601 2047 de
1625 1978 1760 2051 Servis.
1800 1979 1861 2050 ln·
1905 2012 1906 2015 ¹
2060 1991 2064 2000 ·

218 2083 430 2156 utebantur.
466 2078 649 2156 Coldallus
685 2080 774 2181 legit
809 2079 951 2170 Sulfreal
964 2106 986 2166 ,·
1099 2097 1152 2153 ter
1178 2076 1280 2152 hosce
1307 2075 1417 2152 medii
1444 2076 1597 2160 liabent,
1623 2095 1792 2177 erantque
1819 2105 1862 2152 u·

219 2179 276 2256 sed
303 2181 342 2270 in
369 2185 507 2282 Legum
535 2181 881 2281 Langobardicarum
910 2184 984 2254 Co·
1098 2177 1255 2279 triusqne
1294 2177 1456 2253 fortunae
1499 2178 1688 2280 participes
1727 2179 1860 2272 Aldii,

220 2283 299 2358 dice
333 2287 442 2356 MSto
477 2280 604 2356 Ellenfi
639 2283 771 2384 legitur
812 2281 985 2372 Fallitur,
1098 2307 1205 2380 quum
1247 2283 1282 2354 δι
1319 2280 1493 2355 humilem
1517 2279 1709 2355 Servorum
1735 2279 1860 2354 condi·

220 2385 445 2476 &Fulsrea,·
467 2382 596 2459 reiiius
620 2383 785 2483 quidem.
812 2381 923 2458 Vocis
949 2409 987 2456 e·
1026 2373 1059 2444 C
1097 2383 1236 2457 tionem
1261 2379 1487 2480 abjecissent,
1518 2407 1632 2480 neque
1658 2399 1777 2457 tamen
1803 2379 1860 2456 sui

222 2505 349 2581 tymon
377 2485 468 2563 mibi
495 2484 694 2586 suppeditat
720 2485 875 2584 Anglica
895 2483 986 2560 Lin-
1097 2483 1276 2560 euafissent
1309 2483 1425 2602 juris;,
1460 2485 1499 2557 δι
1533 2485 1668 2558 vellent
1703 2509 1742 2558 ae
1778 2483 1860 2558 nol·

222 2613 317 2689 gua,
344 2613 433 2687 quae
461 2605 516 2660 tot
544 2613 648 2662 voces
674 2587 805 2662 retinet
831 2589 850 2660 ὲ
877 2589 988 2660 Saxo·
1097 2589 1197 2669 lent,
1223 2585 1368 2686 prillrno
1396 2588 1495 2660 Hero
1522 2583 1690 2660 famulari
1725 2583 1861 2682 semper

222 2689 348 2779 nibus,
374 2687 430 2765 seu
455 2689 664 2770 Germanis,
689 2688 877 2762 Britannib
896 2689 984 2760 olim
1096 2689 1333 2778 cogebantur,
1359 2686 1413 2760 sed
1441 2685 1500 2760 sua
1526 2685 1730 2769 faciebant,
1751 2712 1861 2784 quae·

223 2789 372 2889 potitis.
408 2789 516 2960 Apud
552 2816 611 2862 eos
649 2788 785 2880 Fulfiee
814 2789 909 2860 idem
946 2786 992 2860 est
1096 2815 1247 2888 eumque
1273 2787 1439 2862 industrii
1464 2791 1499 2862 &
1519 2790 1639 2862 labore
1659 2787 1720 2862 suo
1744 2791 1860 2864 luera·

224 2917 265 2964 ac
288 2892 381 2985 plene
398 2893 443 2960 Li
466 2916 519 2960 er.
547 2887 711 2960 Profebio
733 2888 843 2959 Aldia
863 2887 997 2976 sulfure
1095 2890 1127 2964 ri
1162 2892 1198 2963 tr
1226 2891 1405 2988 acquirere
1432 2908 1617 2990 poterant.
1660 2889 1768 2964 Reate
1795 2915 1859 2963 au·

193 3017 297 3066 ¹uon
333 2987 427 3088 iuit3
464 3007 575 3084 atque
605 2987 687 3061 ideo
723 2985 855 3060 neceb'e
891 3001 992 3072 erat,
1097 3007 1171 3062 uem
1207 2991 1433 3088 distinguitur
1474 2991 1605 3092 triplex
1632 2989 1717 3064 baec
1743 2990 1860 3064 bomi-

230 3119 309 3168 eam
336 3091 449 3164 rursus
476 3089 668 3178 Liberam,
704 3089 737 3162 8(
774 3092 798 3160 ὸ
828 3087 864 3180 se
889 3106 996 3159 eutra-
1101 3113 1187 3161 num
1223 3087 1350 3162 cohors
1387 3089 1425 3161 in
1466 3092 1609 3192 egregio
1650 3092 1862 3192 Diplomnte

226 3221 320 3268 uem
344 3190 483 3266 facere.
508 3191 661 3291 Triplex
688 3215 771 3289 ergo
798 3187 886 3262 olim
915 3191 991 3262 Co·
1093 3187 1219 3264 Caroli
1242 3187 1355 3264 Cralb
1381 3189 1556 3290 Augusti,
1584 3197 1677 3288 quod
1699 3213 1858 3293 autogra-

224 3298 389 3370 innorum
417 3319 525 3394 genus
551 3290 621 3366 luit
656 3290 855 3380 divitibus,
888 3286 987 3363 Libe·
1029 3303 1062 3375 Β
1102 3289 1210 3390 phnm
1239 3289 1316 3366 vidi
1341 3291 1379 3366 in
1407 3290 1574 3366 Archivo
1596 3293 1755 3392 Collegii
1791 3299 1863 3369 Ca-

224 3394 424 3486 inmun,
448 3421 488 3468 ac
512 3394 628 3467 Servi.
654 3393 729 3487 Qui
755 3393 863 3463 Liberi
885 3417 987 3490 agro-
1102 3394 1314 3467 nnnicorum
1351 3392 1511 3489 Arretii,
1551 3409 1658 3493 atque
1683 3392 1763 3469 bric
1789 3397 1862 3470 edi·

216 3525 307 3576 rum
334 3498 486 3572 cultores
513 3511 638 3590 erant,
675 3491 858 3569 brullic'u
885 3491 987 3567 Itali·
1094 3512 1180 3584 tuna
1207 3497 1321 3571 volo.

286 3737 501 3820 Decretum
546 3715 818 3816 immunitatis
858 3725 1090 3816 Conceflum
1130 3729 1335 3820 bCaroio
1364 3729 1497 3819 Crasso
1539 3737 1808 3850 Imperatore,

404 3848 588 3936 omnibus
620 3847 823 3954 nectente,
863 3853 900 3933 81
942 3849 1181 3938 nominatim
1224 3851 1422 3940 Ecclefiae
1449 3852 1690 3965 Arretinae,

787 3971 913 4054 Anno
956 3973 1010 4055 88
1019 3999 1055 4080 3.
1092 3969 1157 4056 seu
1207 3975 1309 4060 882.

261 4209 316 4282 N
338 4203 461 4278 romine
482 4200 622 4276 sannae
638 4203 682 4274 tl·
700 4199 891 4277 individuae
911 4203 990 4276 Tri·
1037 4208 1068 4280 E
1105 4201 1154 4284 (θ’
1179 4206 1226 4277 mi
1245 4202 1407 4302 proprium
1432 4211 1500 4279 Deo
1518 4205 1653 4298 {aueum
1671 4203 1794 4294 statum
1817 4232 1869 4280 re-

303 4308 438 4382 nitaris.
464 4305 606 4378 Karalus
630 4305 748 4378 diviua
770 4305 902 4394 [aoeuee
927 4308 991 4377 cle-
1104 4306 1316 4404 diutegraudo
1340 4309 1529 4404 perducere.
1565 4316 1765 4404 Quapropter
1800 4335 1866 4378 om-

229 4409 350 4482 meuria
374 4412 546 4504 Imperator
568 4407 764 4502 Augustus.
796 4408 836 4478 Si
859 4407 991 4504 petitio-
1106 4410 1194 4482 urium
1227 4407 1379 4501 fidelium
1405 4408 1540 4502 sauciae
1574 4411 1640 4483 Dei
1689 4409 1846 4496 Ecclesiae
1853 4459 1868 4493 ,

229 4509 325 4582 eribus
359 4512 561 4602 secerdotum
600 4508 665 4582 Dei
697 4507 791 4598 jullir
817 4505 864 4586 (θ’
891 4511 990 4582 rario-
1106 4511 1356 4607 nostrorumque,
1375 4511 1586 4607 praesentium
1604 4512 1724 4604 seilicet
1747 4510 1794 4590 θ
1808 4513 1866 4602 fu

229 4607 394 4684 rabilibus
434 4611 605 4683 auuuiruur
617 4657 634 4691 5
670 4605 723 4688 θ’
762 4610 992 4704 neeeffirudiues
1105 4631 1244 4684 purorum
1279 4614 1446 4711 comperiar
1480 4613 1659 4700 industria,
1691 4613 1772 4710 quio
1807 4641 1865 4686 vr-

229 4711 366 4814 iujurias
386 4711 615 4806 fullerramus,
639 4710 674 4784 id
693 4709 783 4784 uobis
803 4715 910 4809 procul
932 4723 992 4784 du·
1106 4714 1267 4788 orientibus
1292 4715 1380 4788 uobis
1405 4724 1601 4788 Ravennam
1619 4717 1664 4786 ad
1680 4716 1864 4810 colloquium

232 4815 285 4887 bio
309 4815 353 4886 ud
386 4833 545 4887 aeternam
579 4813 804 4888 beatitudinem
839 4815 990 4912 capescen-
1100 4815 1263 4913 spiritalis
1288 4816 1398 4890 Patris
1423 4815 1541 4900 uculbi,
1565 4816 1684 4888 Danuui
1698 4817 1864 4908 Jobauuis

232 4920 310 4990 dam
341 4914 497 5010 pertinere
531 4913 748 5006 confidimus,
792 4919 869 5012 puio
911 4919 996 4987 decet
1101 4918 1253 4990 videlicet
1279 4917 1399 5009 summi
1435 4917 1587 5014 Romani
1610 4916 1778 5011 Pourifieis
1816 4914 1862 4998 ἐν

233 5017 402 5114 imperiale
421 5015 611 5113 fastigium,
634 5015 698 5102 libi
717 5015 866 5109 subditas
888 5036 996 5114 partes
1103 5017 1295 5111 universalis
1320 5025 1455 5116 Papae,
1488 5017 1704 5116 pervenitad
1730 5019 1862 5106 nostram
2000 5061 2005 5080 υ

230 5115 411 5219 oppreffas,
444 5117 611 5218 pravitate
646 5115 805 5217 thelim,
829 5119 999 5219 erigendo,
1103 5121 1252 5198 eutitium
1275 5121 1416 5196 marrim
1440 5117 1672 5196 wmabiliuru
1694 5121 1861 5220 Episcopa-

1743 5247 1812 5297 uum
