4594 6070
469 401 547 485 331
750 367 1158 492 ANTIQUIT.
1217 355 1456 462 MEDII
1508 373 1690 466 ΑΕΗ
1886 382 1980 492 332‘

551 633 784 725 Investitors
814 637 939 726 Cauri
969 613 1185 728 Bsiconosii
1214 621 1387 730 consciit
1416 579 1699 732 Carelcnconti
1728 641 1884 732 Comisi

620 755 644 840 1
674 755 884 844 Gusltesio
914 759 1217 878 Acchiepilcopo
1246 765 1506 872 Rauennate,
1535 769 1660 848 Anno
1695 791 1820 874 1130.

453 993 491 1062 N
515 987 580 1062 Dei
595 991 753 1110 nornine,
783 999 887 1066 Anno
921 994 1085 1066 Dominice
1110 999 1164 1110 ln·
1188 995 1235 1116 'A
1270 994 1400 1092 perform
1439 993 1567 1088 ursina,
1603 996 1793 1093 quamcitius
1813 949 1942 1092 ‘pneris
1976 1017 2033 1092 per

478 1113 671 1165 eorumconrs
696 1093 871 1178 Meileslmo
895 1095 1067 1181 Censestmo
1089 1103 1158 1167 Tru·
1272 1119 1361 1168 suurn
1387 1097 1549 1168 Nuntium
1574 1099 1663 1171 nobis
1688 1097 1852 1191 notificare
1869 1097 2032 1184 sludebis.

401 1191 537 1282 oesimo,
579 1197 651 1266 l‘ll.
691 1193 803 1280 mensis
833 1197 949 1286 sulii,
989 1195 1166 1272 iodiiiione
1274 1201 1313 1268 ln
1338 1217 1434 1268 nnete
1467 1223 1542 1269 vero
1576 1219 1634 1272 sua
1667 1225 1759 1296 equos
1792 1219 1861 1268 tuos
1896 1199 1941 1266 <J
1968 1223 2035 1268 rm·
2119 1259 2124 1266 .

404 1295 497 1370 Vlil.
515 1293 646 1380 Conslat
663 1321 711 1366 rue
730 1299 896 1370 Donnum
916 1296 1163 1388 Gualterium,
1229 1355 1233 1362 .
1275 1297 1329 1368 nia
1367 1317 1426 1369 rus
1464 1323 1556 1370 erma
1592 1301 1698 1392 mibi,
1733 1300 1789 1372 vel
1816 1282 2035 1392 successoribus

404 1397 721 1496 quamvis‘indignus
732 1397 842 1488 saniir
860 1398 1076 1472 Ravennatis
1096 1401 1160 1470 Ec·
1274 1397 1430 1494 melopos
1462 1420 1552 1471 tuum
1587 1407 1748 1474 Nuntium
1782 1401 1948 1472 micturus.
1984 1404 2034 1470 Ei

403 1497 505 1576 elafio
531 1495 850 1597 Aschicpiscopus,
884 1495 991 1594 locasse
1026 1499 1070 1570 Θ
1095 1526 1162 1571 con·
1270 1519 1327 1594 pro
1351 1525 1385 1569 eo
1409 1502 1509 1596 quod
1526 1502 1660 1574 multum
1694 1501 1773 1573 mibi
1796 1501 1843 1572 O·
1861 1496 2035 1594 successori·
2177 1517 2182 1528 ·

403 1597 512 1696 ceffiffe
535 1600 599 1672 cibi
632 1601 895 1674 Cavalcaconte
934 1599 1163 1674 illustriffimo
1273 1601 1332 1670 bus
1356 1601 1432 1671 noeis
1453 1601 1576 1693 servire
1597 1603 1783 1700 promittis,
1819 1601 1863 1670 θ
1895 1601 2035 1697 precibus
2138 1595 2141 1604 ’

401 1699 544 1780 Comici
564 1699 677 1776 castri
705 1699 951 1794 Brittonorio,
977 1703 1099 1798 suisque
1115 1701 1160 1794 fi-
1273 1721 1398 1772 suorum
1433 1703 1617 1795 Militum,
1653 1707 1697 1774 (u
1731 1703 1901 1789 noslrorum
1934 1703 2035 1772 Fide·

402 1805 460 1876 liis
494 1801 647 1900 legitimis
680 1809 829 1896 santum,
865 1805 919 1876 bo:
951 1803 994 1891 esi
1019 1804 1164 1892 Caslrum
1274 1801 1376 1892 lium,
1403 1803 1593 1876 remittimus
1617 1805 1680 1878 tibi
1704 1807 1832 1876 tertiam
1853 1824 1977 1900 partem
1994 1803 2035 1872 ds

405 1904 586 1978 Brittonori
611 1931 679 1976 cum
703 1925 768 1976 toto
786 1906 845 1998 suo
870 1905 1060 1996 tenimento,
1095 1931 1163 1975 cum
1201 1897 1230 1968 Β
1269 1902 1441 1998 pensione,
1480 1933 1575 2002 quem
1613 1903 1808 1999 succussores
1846 1903 1897 1974 tui
1934 1903 2034 1990 nosirr

404 2005 560 2082 montibus
595 2006 640 2074 θ’
672 2007 824 2096 coitibus,
859 2033 927 2077 curn
957 2005 1095 2104 piogetis
1120 2007 1163 2074 (θ’
1272 2002 1569 2102 Arcbieprscopatui
1601 2010 1728 2076 reddere
1756 2006 1881 2098 soleret,
1918 2005 1962 2073 (9
1997 2005 2032 2074 irs

399 2105 547 2204 pascuis,
581 2105 651 2177 viis
676 2109 720 2177 (9·
739 2107 890 2200 semitis,
925 2134 993 2178 cum
1018 2105 1165 2204 augariis
1267 2103 1448 2194 scslivitate
1472 2107 1588 2179 Seruili
1610 2106 1818 2204 Apollinaris
1848 2103 1918 2174 ebio
1952 2109 2034 2175 Ma·

403 2211 450 2279 Θ
472 2208 675 2304 perangariis
693 2208 785 2302 suis,
812 2235 880 2280 cum
905 2209 1001 2280 villis
1026 2209 1071 2278 θ
1095 2209 1161 2278 vil·
1273 2206 1430 2278 rabotinos
1467 2211 1544 2280 dare
1575 2229 1633 2304 pro
1658 2205 1808 2303 persone
1842 2205 1943 2278 nobis.
1961 2225 2036 2301 prr·

402 2309 516 2398 lanis,
550 2307 634 2394 sicus
672 2312 796 2381 videris
830 2337 912 2382 nunc
949 2309 1089 2382 desinere
1128 2309 1162 2379 in
1272 2307 1395 2381 mittis.
1421 2313 1470 2380 Et
1491 2309 1523 2394 fi
1544 2331 1600 2406 per
1624 2309 1786 2382 biennium
1811 2309 1917 2392 vestrl
1941 2305 2035 2401 culpi

402 2411 571 2499 manibus,
597 2431 655 2484 aus
680 2415 777 2485 esiam
802 2413 922 2510 aliquis
946 2413 1040 2486 vobis
1057 2431 1161 2483 tenes.
1267 2407 1390 2494 steterit
1415 2413 1498 2506 quod
1518 2409 1694 2506 pensionem
1713 2435 1774 2480 non
1793 2407 1955 2498 solvatis,
1981 2433 2033 2478 ca·

400 2511 498 2609 Quod
524 2511 558 2596 si
581 2509 677 2603 ‘filios
710 2513 859 2606 masculos
893 2541 954 2584 non
988 2513 1134 2586 habueris
1149 2503 1175 2602 ,¹
1271 2513 1360 2581 datis
1384 2539 1407 2582 a
1425 2504 1640 2605 suprascripta
1665 2507 1839 2580 locatione.
1878 2510 1928 2576 Es
1952 2505 2033 2580 obli.

401 2617 437 2685 in
465 2611 563 2701 uoslro
588 2613 870 2709 Arcbiepiscopatu
905 2618 1029 2686 redeat.
1067 2617 1156 2682 Mor·
1267 2634 1383 2702 gemus
1408 2617 1532 2680 nos'ad
1557 2609 1693 2678 invicem
1714 2603 1942 2703 suprascripti,
1977 2605 2034 2678 via

400 2713 468 2786 ruis
494 2715 602 2810 itaque
625 2713 777 2810 prediiiis
799 2711 960 2808 personnis,
981 2713 1014 2797 si
1039 2733 1161 2804 nepotes
1269 2707 1381 2777 delicet
1404 2735 1461 2804 ego
1479 2709 1739 2806 Arcbiepiscopus
1756 2709 1963 2798 Gualterius,
1988 2707 2034 2779 θ’

399 2814 550 2906 masculos
573 2813 773 2904 habueritis,
809 2813 923 2882 iterum
948 2838 1015 2883 cum
1043 2813 1158 2906 supra·
1198 2799 1229 2866 C
1269 2833 1325 2902 ego
1363 2811 1639 2901 Carsalcacontes,
1677 2809 1784 2881 omnia
1816 2809 2032 2906 suprascripta

392 2915 516 3012 scripta
541 2915 585 2984 θ
607 2912 783 3006 subscripta
808 2913 983 2982 eruditione
1008 2912 1054 2982 eis
1081 2913 1154 2982 loce·
1269 2909 1353 2978 inser
1378 2935 1432 2980 nos
1449 2909 1552 3000 firma
1577 2911 1622 2981 Φ
1641 2933 1714 2983 rara
1732 2933 1834 2982 tenere
1850 2911 1936 2980 omni
1954 2931 2033 2980 sens.

399 3039 472 3088 rur.
506 3021 571 3088 Pro
597 3039 630 3084 co
664 3015 746 3111 quod
770 3031 892 3084 centum
927 3013 1044 3084 Libras
1069 3014 1160 3084 bono·
1263 3029 1337 3104 pore
1362 3012 1405 3080 ab
1429 3011 1514 3080 omni
1535 3011 1667 3106 persona
1691 3012 1866 3106 legaliter,
1894 3011 1937 3081 θ
1960 3039 2033 3083 cun.

398 3143 469 3189 rum
504 3115 713 3188 Denariorum
752 3111 938 3196 Lunensium
978 3113 1066 3183 nobis
1100 3111 1158 3183 tri·
1267 3130 1321 3181 rra
1346 3107 1407 3180 non
1442 3113 1580 3201 venire,
1617 3113 1661 3182 (9¹
1694 3113 1806 3202 omnio¹
1834 3111 2029 3208 adimplere.

397 3219 470 3293 buis
494 3243 594 3290 coram
607 3213 791 3311 subscriptis
809 3211 967 3310 personis.
982 3218 1043 3285 ⁴Et
1061 3239 1158 3311 quan·
1269 3213 1367 3304 Quod
1385 3209 1419 3295 st
1442 3215 1498 3284 boo
1520 3213 1735 3299 dislulerimus
1756 3219 1812 3285 vel
1836 3240 1950 3311 agere,
1975 3215 2030 3286 vel

396 3323 439 3392 do
463 3339 499 3393 ut
533 3319 666 3390 Curiam
700 3315 836 3388 Domini
870 3321 979 3412 Papae
1013 3343 1068 3412 ego
1102 3335 1161 3385 arcs
1267 3313 1423 3404 causare,
1464 3315 1519 3386 vel
1557 3318 1757 3407 contendere,
1797 3317 1855 3387 vel
1893 3318 2030 3387 minuere

390 3417 567 3516 successores
591 3419 653 3490 mei
679 3421 724 3490 ire
748 3417 968 3506 voluerimus,
1005 3417 1160 3510 nobiscum
1264 3412 1542 3510 presumserimus,
1577 3441 1653 3489 runc
1685 3421 1762 3490 darc
1788 3418 1832 3487 Θ
1856 3439 2029 3512 componere

395 3523 506 3596 venies
531 3549 598 3594 cum
633 3523 808 3620 expendis,
845 3523 1000 3616 quantiam
1035 3522 1070 3590 in
1104 3519 1173 3606 eu'-¹
1264 3519 1427 3611 promittis
1448 3539 1527 3613 pars
1549 3519 1641 3616 perti
1667 3519 1819 3612 seinansr’
1843 3519 1949 3611 fidem
1981 3521 2029 3592 le.

393 3623 577 3697 biudlibus.
607 3629 656 3695 Et
681 3623 807 3719 quando
826 3621 922 3716 super
947 3619 1087 3692 inimicos
1105 3647 1155 3690 no·
1264 3619 1379 3714 gisime
1413 3641 1534 3690 centum
1568 3622 1644 3692 boui
1677 3621 1749 3692 auri
1782 3620 1900 3696 Libras
1922 3649 1943 3710 ,·
1983 3624 2029 3692 Θ·

390 3727 472 3814 siros
495 3727 586 3811 osiem
608 3723 710 3813 sacere
736 3721 927 3793 voluerimus
953 3721 987 3790 in
1009 3721 1159 3817 pertibus
1196 3721 1230 3790 D
1264 3721 1333 3816 posl
1356 3741 1470 3816 penam
1499 3721 1637 3814 sorluram
1663 3724 1715 3794 bec
1738 3725 1899 3796 Cartbula
1927 3721 2028 3815 firma

394 3825 578 3913 Romanie,
605 3849 673 3893 cum
698 3841 819 3892 censum
845 3819 1004 3893 militibus
1040 3824 1074 3894 in
1104 3849 1155 3893 no·
1264 3843 1467 3917 permaneat.

388 3927 457 4014 siro
485 3923 622 4018 servitio
654 3922 794 3998 venietis
828 3922 873 3992 O·
907 3948 975 3994 cum
1014 3930 1159 3997 trecentis
1317 3926 1440 3996 Alium
1467 3925 1500 3995 in
1526 3925 1663 4020 sarsena
1685 3926 1839 4016 s'elr'citer.

390 4026 577 4124 peditibus.
603 4025 643 4098 ss·
667 4025 748 4098 citra
772 4027 899 4098 Padum
925 4027 1090 4099 exercitum
1110 4027 1156 4118 se·
1317 4027 1419 4123 Signo
1445 4055 1594 4098 manuum
1621 4029 1832 4125 suprascripsi
1856 4031 2026 4128 Arcbiepi.

394 4153 480 4218 cero,
507 4157 573 4200 cum
599 4127 725 4226 viginti
751 4127 910 4200 militibus
943 4131 988 4202 ael
1022 4129 1157 4216 noslrunr
1260 4127 1348 4226 scopi
1374 4131 1418 4199 Θ
1443 4131 1599 4220 Comitis,
1635 4130 1691 4228 qui
1724 4131 1805 4205 banc
1837 4135 2026 4206 Cartbulam

387 4231 559 4322 servitium
583 4231 741 4302 venietis.
777 4233 978 4327 Ecquando
1000 4232 1157 4330 placuerit
1256 4229 1338 4321 fieri
1363 4253 1574 4328 rogaverunt.

393 4337 483 4422 Deo,
510 4351 546 4403 ut
571 4333 670 4404 alium
688 4333 967 4430 Arcbiepisoopum
991 4335 1154 4431 eligatur,
1315 4333 1417 4430 Signo
1447 4361 1597 4406 manuum
1633 4334 1769 4427 Rodulfi
1793 4338 1832 4407 de
1857 4343 2026 4410 Pontema·
2087 4343 2096 4371 ““

393 4431 481 4522 insra
505 4433 645 4530 triginta
668 4433 738 4504 dies
754 4431 952 4524 fidelitatem
978 4437 1008 4508 ei
1028 4435 1156 4526 societis
1264 4433 1354 4524 rino,
1390 4441 1484 4505 Petro
1508 4438 1548 4507 de
1581 4436 1752 4530 Peratiffi,
1788 4437 1961 4513 Maibreui
1985 4442 2026 4512 de

392 4533 438 4604 Θ·
462 4559 531 4606 cum
557 4533 622 4630 ipso
647 4533 693 4606 sd
716 4531 788 4627 esus
813 4537 1024 4631 expendium,
1051 4531 1179 4634 quaml
1230 4547 1237 4636 1
1264 4533 1378 4630 Veffa,
1415 4543 1529 4610 Petrus
1554 4541 1593 4610 'de
1619 4543 1733 4612 Monte
1756 4541 1797 4611 de
1821 4547 1944 4633 Petra,
1980 4543 2024 4612 (θ’

239 4691 241 4698 ,
391 4637 461 4708 sirm
495 4636 530 4708 iu
564 4633 783 4728 viiiualr'bus,
818 4639 864 4708 ad
896 4638 1148 4731 consecrationem
1188 4643 1217 4714 E
1264 4637 1460 4730 Rodulfinus
1499 4641 1539 4711 de
1578 4645 1713 4732 Ponte,
1745 4643 1803 4720 ,(9·
1841 4642 2023 4733 Landulsus
2081 4655 2084 4660 '

391 4737 482 4808 illius
508 4736 617 4812 ibitis.
644 4741 828 4826 Secretum,
865 4741 949 4834 quod
973 4739 1036 4813 ribi
1056 4761 1146 4838 pate·
1263 4739 1448 4837 Bulgarus,
1476 4743 1520 4811 θ
1544 4741 1713 4836 Paslalca,
1739 4745 1796 4842 qui
1820 4745 1925 4844 rogati
1941 4745 2022 4836 sunt

383 4837 538 4930 sociemus
564 4840 650 4911 nulli
667 4837 835 4932 notificetis
852 4841 897 4912 ad
914 4839 1049 4929 noslram
1067 4847 1146 4916 dau·
1261 4839 1368 4927 teslec.
1573 4876 1576 4882 ·
1866 4865 1872 4878 ·

388 4941 567 5038 rietatem.
607 4947 656 5014 Et
694 4940 727 5030 si
769 4941 938 5017 audieritis
975 4946 1015 5016 de
1050 4944 1149 5034 nosiro
1312 4947 1385 5039 Ego
1410 4946 1574 5018 Berardus
1598 4953 1630 5040 J
1631 4951 1712 5020 uden
1736 4949 1781 5020 ci·
1806 4947 1961 5022 Notarius
1981 4975 2020 5019 en

387 5043 520 5138 denno,
554 5065 612 5119 aut
636 5045 676 5118 de
700 5044 859 5140 emissore
891 5044 983 5140 aire,
1018 5067 1076 5121 eut
1109 5049 1150 5118 de
1261 5072 1329 5118 mes
1349 5067 1444 5142 purte
1469 5051 1633 5147 recognovi
1659 5051 1703 5124 θ’
1726 5049 1880 5148 complevi
1892 5103 1902 5122 .

1853 5147 1968 5244 Dixi,
