4594 6070
331 412 413 496 233
608 377 1096 468 DISSERTATJO
1156 373 1566 466 UNDECIMA.
1761 412 1850 494 234

269 495 622 597 renfis)lileralitatir
636 499 855 592 munificentia
864 503 1032 596 perchar-
1074 499 1109 571 A
1145 511 1293 586 rentur,
1328 493 1371 568 de
1406 519 1475 590 qua
1509 521 1546 570 re
1581 493 1672 570 infra
1709 493 1800 568 mihi
1838 495 1907 570 erit

269 617 376 672 tarum
402 600 610 688 instrumenta
635 605 788 676 contulit.
816 605 934 676 Albas
958 607 1032 672 veri

269 703 433 772 memorati
474 702 624 773 Coenubii
663 703 707 772 Θ·
747 703 861 798 reliqui
899 707 1033 774 Fratres

269 802 372 898 ipsum
397 804 572 876 autetiam
592 801 667 896 jure
691 803 901 896 Beneficiario
926 807 971 875 θ’
995 832 1030 876 u·

264 903 478 995 Jul'rulluario
503 908 603 976 eidem
627 909 804 978 Adrlberto
837 909 938 977 denuo
962 933 1029 978 crn-

263 1003 349 1093 ferre
369 1005 575 1090 lluduerunt.
601 1010 667 1078 Sed
687 1011 756 1104 poll
780 1009 855 1080 baec
878 1010 917 1080 ol
941 1007 1032 1080 illius

270 1107 499 1202 negligentiam
528 1107 563 1176 in
590 1107 717 1198 Fiscum
745 1111 881 1196 nollrum
914 1110 1028 1204 legali·

270 1224 319 1276 ter
342 1211 488 1280 dercenit.
527 1213 576 1280 Et
609 1213 688 1306 quia
708 1211 853 1306 praefato
878 1211 1030 1284 Coenobiu

270 1333 331 1378 non
356 1309 453 1380 aliter
475 1308 638 1403 legitime,
659 1314 823 1410 postquam
849 1313 884 1385 in
903 1312 1030 1404 Fiscum

1147 594 1259 670 sermo
1285 594 1324 670 in
1355 593 1606 670 Differ-ratione
1635 599 1843 672 Lxxxtn.
1868 597 1908 668 de

1147 697 1320 784 MonaJlet.
1357 698 1393 768 in
1419 693 1557 790 Benefic.
1592 698 1662 770 dat.
1699 697 1792 772 novi
1824 723 1910 772 con·

1147 796 1296 872 ceffione
1329 825 1418 898 opus
1444 815 1545 890 erat,
1581 816 1621 872 ut
1657 795 1761 872 locris
1796 798 1909 876 Locis

1147 898 1268 974 eadent
1307 901 1603 976 restituerentur.
1649 897 1763 972 Testis
1803 899 1910 1002 hujus

1148 1002 1286 1094 moris,
1323 1021 1363 1078 nt
1392 1002 1530 1100 reliqua
1556 1019 1786 1074 monumenta
1812 1025 1913 1097 praeq-

1147 1118 1304 1196 terecm,
1340 1102 1409 1180 erit
1449 1101 1553 1178 nobis
1593 1099 1743 1203 ejusdem
1785 1097 1912 1176 Caroli

1148 1203 1258 1278 Calvi
1284 1205 1478 1306 Diplomn,
1505 1205 1604 1306 eujus
1630 1205 1770 1304 elegans
1790 1199 1911 1276 arche·

1148 1321 1297 1403 typum,
1321 1333 1533 1408 quamquam
1554 1303 1688 1380 alieubi
1707 1299 1911 1394 corrosum,

268 1409 404 1496 nollrum
437 1411 620 1499 deciderat,
660 1413 753 1484 reddi
783 1434 933 1510 poterat,
968 1412 1032 1498 nist
1071 1423 1100 1494 B
1148 1405 1226 1480 virli
1253 1408 1292 1482 in
1318 1409 1516 1484 Tabulario
1551 1405 1715 1506 Capituli
1751 1401 1913 1480 Canoni·

264 1531 324 1606 per
354 1531 551 1606 praeceptum
587 1511 706 1598 nostrae
734 1514 935 1586 aulloritatir
960 1513 1029 1588 &n

268 1613 370 1684 Haec
397 1607 476 1683 sunt
502 1613 607 1686 verba
633 1613 757 1687 Caroli
780 1616 888 1689 Calvi
915 1617 1032 1713 Impe-

268 1711 398 1784 ratoris
433 1711 471 1783 in
509 1713 716 1810 Diplotnate
752 1742 812 1814 per
843 1716 1030 1790 Baluziom

270 1814 459 1912 evulgato.
487 1813 584 1887 ldem
604 1821 688 1888 vero
715 1816 804 1892 ritus
823 1817 935 1892 adhuc
955 1845 1029 1919 per·

269 1911 373 1986 durat
407 1911 501 1987 inter
546 1915 690 2013 imperii
728 1923 865 2019 Leges.
905 1923 1031 2016 Neque

269 2011 309 2088 id
337 2011 490 2086 mirum.
527 2019 621 2090 Nam
650 2019 707 2090 vel
739 2017 766 2101 fi
794 2019 936 2118 quando
963 2025 1027 2096 Re·

271 2140 331 2214 ges
357 2112 419 2212 ipss
449 2116 661 2191 Monasteria
686 2119 878 2194 Monachis
914 2149 975 2220 per
1000 2122 1029 2196 i·

269 2214 1032 2426 2¹5¹{2¹32fisslfflitll'{titillent

1148 1535 1270 1584 corum
1309 1511 1591 1589 Arretinorum.
1634 1507 1690 1582 Ibi
1730 1507 1910 1596 Carolus,

1147 1610 1304 1687 nondum
1350 1616 1546 1712 Imperator
1589 1605 1788 1700 inunctus,
1825 1603 1912 1680 dum

1149 1715 1301 1785 Romam
1342 1731 1521 1813 pergeret,
1558 1708 1747 1784 Arretinae
1787 1709 1938 1798 Eccle„

1148 1809 1213 1886 fiae
1253 1813 1545 1888 Monusteriolum
1581 1813 1716 1900 donat,
1751 1811 1787 1882 &
1824 1834 1911 1882 cun·

1147 1912 1204 1987 &a
1230 1913 1273 1988 td
1300 1914 1390 1989 illud
1418 1913 1633 2014 speiitntia,
1670 1909 1755 1984 ficut
1781 1938 1819 1982 ea
1844 1915 1909 1980 Be·

1146 2017 1249 2106 rulsus
1274 2017 1454 2114 imperialis
1480 2012 1590 2110 Vallus
1624 2010 1834 2104 Benfieiaric
1859 2035 1909 2080 nr.

1145 2121 1223 2190 dine
1248 2119 1339 2208 visus
1364 2123 1407 2205 eJl
1431 2115 1590 2210 babuisse.
1626 2114 1691 2190 Sed
1728 2113 1827 2211 juvat
1853 2110 1910 2210 ip·

1146 2219 1220 2292 sum
1250 2219 1420 2320 Diplotna
1448 2221 1662 2318 producere,
1696 2229 1822 2318 utpote
1846 2211 1910 2288 ha·

1145 2320 1266 2397 {tenus
1293 2321 1372 2394 luce
1398 2325 1536 2395 carens.

271 2553 409 2668 ceroti
440 2557 557 2645 Calvi
590 2560 779 2650 Francite
799 2561 853 2652 'cc
885 2563 1023 2653 Italiae
1053 2564 1175 2679 Regis
1206 2560 1418 2678 Diplorna,
1448 2589 1530 2678 quo
1559 2553 1755 2645 Ecclefite
1784 2561 1905 2646 Atte-

429 2675 536 2764 tio‘ae
566 2680 614 2765 cd
646 2677 857 2768 luminaria
887 2684 1158 2769 concinnanda
1188 2681 1369 2770 concedit
1401 2675 1690 2766 Moncsterium
1720 2680 1760 2764 S.

634 2798 807 2914 Angeli,
836 2805 876 2886 δι
907 2801 1063 2890 Fiscum
1094 2799 1258 2916 Ajclta,
1287 2803 1411 2886 Anno
1443 2801 1542 2911 875.

270 3045 359 3228 IN
382 3044 504 3117 nomine
528 3045 666 3118 Sunllae
684 3047 729 3118 tt
747 3048 940 3122 individuae
957 3051 1033 3122 Tri·
1056 3073 1063 3170 q

348 3147 488 3220 nitatis.
524 3149 666 3221 Karalus
696 3149 813 3244 gratil
838 3150 903 3220 Dei
936 3159 1034 3224 Rex.

264 3257 301 3320 S
302 3251 314 3320 i
339 3257 423 3320 Loca
450 3253 518 3320 Der
542 3249 651 3322 dicata
671 3250 729 3338 [eu
752 3271 908 3344 procerum
935 3253 1032 3322 bomi-
1074 3246 1109 3316 D

273 3377 352 3421 num
378 3351 412 3420 in
426 3349 526 3435 celiis,
556 3351 614 3442 seu
640 3351 781 3448 negleilu
816 3353 952 3450 quelibet
976 3356 1033 3426 ad·

273 3453 418 3524 nihilara
452 3450 685 3542 rellauramur,
722 3455 766 3523 θ
791 3458 836 3525 ad
865 3453 1035 3550 pristinum

266 3552 389 3641 statum
424 3555 622 3644 reducimur,
655 3557 764 3649 procul
798 3558 895 3628 dubio
919 3560 942 3626 ἃ
968 3563 1032 3630 Do-

274 3655 360 3726 mino
394 3653 494 3742 nostro
518 3655 603 3748 Jesu
636 3657 761 3744 Christe
796 3657 840 3728 icl'
866 3660 956 3732 nebit
978 3655 1034 3732 're-

275 3755 465 3851 compensari
499 3785 560 3827 nen
595 3759 798 3831 dubitamus.
835 3766 1037 3856 Quapropter

273 3857 412 3928 omnium
429 3853 582 3946 fidelium
606 3859 743 3932 saulieu
769 3860 833 3933 Dei
857 3861 1035 3954 Ecclesiae,

275 3957 503 4054 ncllrorumque
538 3961 748 4054 praesentium
784 3990 823 4034 ae
857 3963 1036 4054 futurorum

245 4060 402 4146 ‚noverit
437 4059 620 4154 industria,
656 4069 732 4160 quic
759 4063 844 4148 stent
877 4065 1036 4154 Johanne

1144 3073 1351 3145 recuperemus
1360 3078 1377 3122 .·
1410 3051 1602 3124 concedimus
1623 3053 1805 3148 praefatum
1831 3055 1910 3123 Mac

1144 3149 1342 3236 masteriolum
1367 3177 1436 3220 cum
1460 3153 1604 3238 omnibus
1624 3157 1669 3223 ad
1687 3155 1723 3242 le
1746 3153 1909 3248 pertinen·

1144 3251 1231 3320 tibus
1264 3251 1355 3320 relus
1387 3275 1426 3322 ac
1459 3249 1626 3339 familiis,
1667 3253 1712 3320 U·
1748 3253 1908 3345 offerimus

1145 3347 1303 3434 Ecclesiae
1336 3350 1422 3421 beati
1457 3349 1604 3438 Donati,
1639 3351 1697 3422 ubi
1730 3350 1800 3448 ejus
1828 3355 1909 3444 san·

1145 3449 1312 3544 lliffimum
1337 3459 1458 3546 Corpus
1481 3451 1647 3521 humatum
1678 3449 1744 3540 eli,
1779 3455 1824 3522 acl
1857 3455 1910 3524 lu.

1146 3553 1286 3624 minaria
1325 3553 1566 3644 concinnanda,
1604 3551 1649 3621 o
1682 3551 1800 3638 ibidem
1840 3559 1907 3624 Dee

1141 3653 1374 3746 famulantium
1402 3653 1438 3741 ll
1452 3703 1585 3727 .......
1620 3652 1823 3750 providenda
1863 3656 1909 3724 (t

1147 3755 1383 3846 ministranda,
1421 3754 1456 3826 in
1492 3754 1650 3850 integrum
1675 3755 1719 3824 θ’
1753 3754 1810 3826 ubi
1845 3755 1909 3826 ali·

1145 3858 1225 3955 quid
1263 3865 1307 3932 ad
1346 3858 1383 3928 id
1417 3855 1573 3953 pertinere
1606 3854 1804 3948 dinoscitur,
1841 3883 1911 3928 cum

1147 3959 1298 4044 Ecclejiis
1331 3987 1369 4034 ae
1401 3959 1545 4032 domibus
1578 3957 1836 4030 domnicatis&
1862 3983 1910 4060 co.

1146 4061 1300 4155 tentiis,
1330 4063 1439 4154 servis
1473 4065 1517 4129 (J
1542 4059 1723 4132 aldionibus
1748 4059 1910 4156 uttiulqrrr

275 4161 455 4236 venerabili
481 4163 635 4238 Aretino
662 4163 836 4265 Episcopo
866 4167 1035 4263 suggeren-
1079 4161 1110 4230 E
1141 4163 1259 4255 fraus:
1278 4163 1356 4250 idell
1373 4161 1576 4236 colonariam
1594 4161 1638 4231 U·
1655 4161 1909 4258 reliqua„quue

277 4281 309 4334 te
333 4263 521 4356 didicimus,
547 4267 809 4354 Monajlcriulum
828 4267 942 4338 sanni
959 4275 1033 4342 An·

274 4365 344 4458 geli
380 4367 491 4437 honore
526 4367 755 4460 cunllruilum,
794 4371 1034 4442 Monacborum-

277 4491 337 4561 que
371 4465 475 4548 ufibur
510 4469 656 4542 collatum
695 4473 852 4566 quondam
891 4471 1035 4562 exstitit,

273 4567 333 4659 sed
358 4593 441 4640 nune
458 4593 519 4639 non
539 4570 644 4662 solium
664 4573 833 4645 Monacbis
851 4595 954 4662 earet,
980 4600 1036 4644 ve·

1148 4262 1235 4338 ficut
1270 4293 1310 4341 ea
1350 4261 1512 4338 Berolfus
1550 4259 1750 4358 Imperiolis
1784 4262 1909 4336 vanus

1148 4363 1382 4444 Beneficinrio
1418 4363 1542 4440 ordine
1568 4363 1663 4438 visus
1689 4361 1737 4436 est
1770 4361 1911 4438 habuis.

1148 4466 1182 4542 se
1210 4521 1324 4546 ......
1353 4494 1420 4540 eum
1445 4467 1578 4560 uineis,
1604 4465 1744 4564 campis,
1775 4467 1909 4564 pratis,
1945 4543 1951 4564 ⁴

1140 4570 1262 4657 filvis,
1296 4572 1446 4672 pascuis,
1473 4569 1591 4664 aquit,
1618 4593 1831 4666 aquarumque
1855 4571 1911 4640 de·

277 4671 350 4738 rium
375 4671 471 4742 ctiam
496 4673 582 4742 omni
607 4673 749 4768 negleliu
771 4673 912 4766 fatiscit.
949 4677 1038 4747 Unde
1148 4671 1310 4764 cursibus,
1352 4674 1445 4746 tultis
1485 4673 1529 4741 Θ
1568 4669 1729 4758 incultis,
1765 4670 1910 4766 praelato

278 4797 335 4842 nos
360 4769 587 4854 considerantes
605 4773 674 4866 ejus
692 4773 956 4866 miscricordiam,
983 4777 1039 4874 qui
1148 4779 1237 4850 beato
1265 4781 1390 4849 Dentato
1408 4778 1445 4846 ol
1464 4765 1634 4844 remelium
1652 4772 1778 4844 animae
1802 4799 1909 4860 meae,

277 4875 404 4946 netad
428 4875 481 4946 boe
506 4875 626 4946 eulmen
647 4877 818 4973 provexit,
853 4899 891 4950 ut
916 4879 960 4950 Θ·
985 4885 1038 4950 de·
1147 4879 1375 4974 cariffimaeque
1398 4875 1565 4971 conjugis,
1602 4875 1645 4946 Θ·
1680 4871 1911 4964 amantiffimat

272 4975 394 5064 stituta
419 4975 621 5063 restauremus
647 4979 691 5049 Θ
717 4977 884 5075 neglella,
920 5007 954 5050 ce
983 4979 1037 5070 fa·
1145 4982 1246 5074 prolis
1279 4977 1466 5050 hereditario
1497 4974 1571 5067 jure
1597 4981 1631 5045 in
1655 4995 1838 5072 perpetuum
1863 4969 1911 5061 es·

278 5097 396 5171 vente,
421 5081 461 5153 ob
478 5076 568 5176 eujus
591 5105 725 5152 amorem
749 5079 919 5170 ctnlltuila
937 5081 1039 5174 sunt,
1142 5079 1214 5180 fero
1236 5079 1440 5178 pofficlenaa.
1475 5075 1639 5173 Simulque
1663 5073 1854 5268 conchqmus
1879 5071 1910 5144 ei

297 5193 298 5198 ’
1762 5205 1771 5244 e
1788 5201 1857 5246 eum
