4570 6096
311 449 391 536 129
618 385 1128 510 '‘otsstttatro
1187 413 1494 508 oraton:
1742 453 1825 538 130

247 534 366 630 ditur,
394 542 429 614 δι
456 538 578 633 iocus,
596 538 637 614 itt
664 567 737 640 quo
764 539 847 614 istae
874 537 1010 614 habita·
1041 545 1077 614 A
1115 533 1250 611 Charta
1276 535 1525 628 vetustissima,
1559 559 1648 634 quae
1675 537 1880 616 authentice

250 640 357 729 bant,
392 641 557 718 Decania.
595 641 732 717 Praesto
767 641 859 716 mihi
894 639 941 714 est
969 637 1011 714 ad
1117 637 1317 714 adservatur
1339 639 1379 714 in
1397 635 1594 713 Tabulario
1613 639 1878 716 Canonicotum

247 740 512 820 ministrandam
560 741 640 818 heic
689 746 806 819 lucent
855 742 1011 842 aliquam
1118 739 1402 834 Mutinensrunt,
1430 739 1521 814 unde
1547 763 1624 814 eom
1650 737 1829 844 descript.

329 992 480 1078 coorta
510 991 774 1104 emphyteusis
803 989 867 1078 sert
896 986 1103 1078 locationis
1132 989 1392 1107 quorumdam
1424 1011 1615 1077 temtum
1645 987 1746 1079 feda
1776 992 1801 1080 i

455 1107 666 1200 Deusdedit
697 1107 890 1228 Episcopo
922 1107 1138 1196 Mutinensi
1170 1107 1388 1197 Dominieo
1418 1106 1678 1198 Monttoario

757 1227 884 1317 libero
913 1227 1100 1338 homini,
1129 1231 1252 1314 Anno
1283 1232 1383 1342 813.

300 1475 339 1546 N
353 1471 476 1544 noniirre
497 1471 649 1548 Domini.
677 1482 849 1572 Regnante
871 1477 1016 1548 Domno
1061 1473 1090 1546 B
1123 1469 1284 1544 Vincentii
1317 1469 1405 1558 emiss
1418 1524 1427 1544 .
1462 1478 1520 1544 Set
1554 1494 1591 1546 ot
1624 1471 1794 1567 diximus,
1832 1477 1885 1552 hee

324 1575 460 1648 Karolo
480 1576 515 1648 8<
539 1572 739 1666 Bernardo,
761 1573 846 1646 viris
868 1509 1044 1654 roseliers-i
1122 1574 1228 1645 omnia
1255 1573 1487 1668 suprascriptas
1522 1601 1570 1646 res
1603 1576 1802 1648 medietatem
1827 1578 1887 1650 ba.

250 1675 383 1766 tiffirrris,
404 1675 559 1774 Regibus
586 1673 625 1748 in
652 1675 781 1767 Italia,
815 1681 918 1748 Anno
947 1677 1016 1772 pie·
1122 1675 1268 1745 beamus.
1292 1677 1331 1746 Irt
1351 1699 1384 1743 eo
1401 1699 1476 1744 vero
1493 1673 1614 1766 tinore,
1631 1675 1782 1772 utsupra
1801 1679 1886 1774 ipsas

252 1777 334 1845 tatis
359 1775 468 1872 Regni
493 1802 595 1846 eorom
623 1775 658 1846 in
684 1775 750 1848 Dei
777 1775 901 1848 nomine
925 1784 1016 1871 Qua·
1123 1797 1172 1844 ιιι
1189 1771 1322 1865 resedere
1345 1773 1570 1868 errabam,
1589 1777 1644 1870 seo
1667 1775 1755 1868 rasas
1773 1779 1817 1850 θ
1834 1807 1887 1853 ea.

251 1875 426 1972 dragefimo
450 1877 494 1946 0¹
515 1875 646 1964 Primo,
668 1879 723 1948 die
745 1883 788 1950 X.
806 1875 920 1970 Mense
939 1884 1014 1950 Ao·
1123 1875 1213 1946 nabes
1234 1872 1400 1966 edificare,
1422 1875 1521 1948 vinea
1539 1877 1790 1974 pastenandom,
1812 1901 1887 1977 pro·

247 1973 360 2072 gusto,
388 1975 565 2069 indii'iione
595 1983 716 2052 seor.
750 1979 881 2050 Placuit
915 1981 1016 2076 adque
1119 1973 1364 2072 paginartdom,
1401 1975 1445 2046 θ’
1470 1975 1506 2048 in
1531 1979 1675 2050 omuibus
1698 1981 1888 2056 meliorandi

251 2076 405 2148 oraverit
438 2077 522 2148 r'nser
556 2081 719 2154 Domnus
748 2075 941 2154 Deusdedit
969 2081 1015 2152 E·
1123 2075 1217 2174 osque
1250 2080 1296 2150 ad
1327 2077 1425 2148 annis
1457 2077 1660 2154 venientibus
1688 2080 1815 2178 triginti
1843 2083 1914 2156 (θ’Δ

251 2173 398 2274 piscopo
415 2176 526 2269 sanbie
548 2179 692 2252 Motine
716 2177 891 2270 Ecclefie,
912 2181 963 2272 see
985 2207 1016 2249 e·
1124 2203 1224 2250 notre.
1253 2182 1304 2248 Ει
1328 2177 1440 2250 exinde
1460 2198 1518 2273 per
1543 2207 1662 2252 omnem
1686 2207 1770 2254 anno
1795 2183 1889 2256 circo.

254 2275 337 2346 tiam
363 2277 408 2346 Θ·
433 2277 516 2347 ιἰιιιι
541 2277 706 2350 Dominiro
731 2279 942 2352 Montanario
974 2281 1016 2350 ii·
1124 2277 1174 2368 ii,
1210 2277 1254 2348 θ
1284 2299 1343 2374 per
1376 2298 1498 2374 tempor
1532 2281 1686 2354 tributum
1714 2283 1889 2376 persolvere

252 2377 323 2449 bere
348 2377 493 2468 bomine,
519 2398 556 2449 ιιι
581 2379 616 2450 in
642 2379 709 2453 Dei
733 2380 857 2451 nomine
882 2406 937 2480 ego
961 2380 1018 2476 poi
1056 2373 1088 2448 C
1125 2379 1291 2450 debeamus
1314 2377 1408 2450 vobis
1431 2377 1609 2470 Deusdedit
1631 2379 1808 2478 Episcopo,
1833 2386 1890 2456 vei

248 2477 349 2572 sopra
374 2478 562 2566 Dominico,
583 2477 638 2571 seo
657 2477 749 2572 filiis
774 2479 873 2574 meis,
901 2481 1016 2572 resede·
1082 2485 1085 2492 ’
1126 2480 1174 2550 ad
1198 2473 1375 2572 successures
1399 2479 1541 2572 vrsiros,
1576 2479 1622 2551 Φ·
1645 2480 1732 2554 omni
1754 2508 1889 2579 genere,

253 2603 287 2649 re
309 2580 355 2650 θ’
373 2580 519 2682 laborare
541 2580 707 2653 debeamus
728 2581 763 2652 irr
786 2602 871 2654 terra
892 2583 948 2653 vei
964 2609 1016 2654 aa·
1123 2603 1226 2674 grano
1244 2579 1351 2651 modia
1367 2600 1500 2676 quarto,
1524 2579 1654 2672 milita,
1672 2583 1809 2679 patrico,
1829 2586 1891 2657 mi·

247 2678 290 2772 sa
311 2679 426 2752 saror·
439 2681 627 2774 simetrii,
649 2683 714 2754 ioco
733 2685 790 2780 qui
813 2683 931 2754 dieitur
956 2688 1015 2754 Co·
1126 2679 1172 2748 lio
1206 2680 1312 2752 modia
1344 2677 1491 2777 qoioiio,
1526 2679 1594 2754 lino
1628 2709 1747 2756 manna
1770 2705 1891 2782 quart,

253 2781 376 2877 legatia
402 2781 437 2854 irs
463 2784 630 2878 medietate
653 2785 694 2855 de
719 2809 823 2856 omnes
847 2810 895 2856 ιιι
917 2784 1015 2875 illas,
1127 2779 1207 2851 virro
1228 2779 1342 2872 ansero
1363 2781 1482 2870 tertia,
1506 2781 1633 2854 exertior
1654 2809 1730 2856 vero
1748 2807 1893 2881 paeon·

253 2909 333 2979 quas
355 2903 431 2956 ante
455 2885 509 2954 bos
533 2887 603 2955 dies
625 2905 682 2980 per
703 2885 816 2956 iiveiio
839 2885 882 2959 de
904 2911 1015 2985 quoo-
1129 2907 1199 2952 rtem
1224 2908 1327 2956 anno.
1356 2885 1396 2956 in
1415 2881 1500 2974 sesa
1522 2881 1637 2956 saror·
1659 2883 1752 2958 Petri
1774 2887 1893 2962 berbire

257 2985 337 3054 dam
364 2982 510 3056 Marino
536 2981 713 3082 Episcopo
746 2989 790 3054 ad
820 3009 1018 3058 manutenere
1129 3007 1217 3074 orto,
1241 2983 1386 3054 erair'ente
1409 2979 1544 3079 tremisse
1568 2983 1670 3058 medio
1680 3012 1698 3058 s
1718 2987 1810 3086 pesilo
1830 3009 1896 3086 par

255 3081 347 3174 visos
366 3081 442 3174 soi,
478 3085 522 3154 Θ·
556 3085 641 3180 r'psas
666 3109 715 3154 ιιι
740 3084 869 3156 obviner
897 3085 931 3156 in
961 3085 1017 3177 so·
1130 3107 1216 3153 ono:
1239 3108 1318 3156 roas
1341 3085 1442 3173 dece,·
1466 3107 1573 3182 operas
1595 3111 1672 3160 vero
1692 3109 1752 3186 per
1773 3116 1893 3164 omnent

252 3183 426 3280 prascripte
460 3183 594 3270 Ecriesie
627 3183 742 3255 saror·
782 3185 942 3256 Vincentii
979 3187 1018 3255 de
1130 3208 1214 3254 anno
1238 3181 1325 3273 ror,
1351 3203 1485 3280 quatuor
1507 3213 1577 3258 eom
1601 3191 1716 3284 boves,
1745 3191 1790 3262 (9·
1813 3217 1895 3288 qua·

257 3285 376 3376 Ursurte
402 3284 446 3354 θ
470 3285 622 3357 Marione
654 3287 698 3354 (1²¹
724 3287 769 3358 da
790 3283 949 3357 Miaiano
975 3287 1019 3354 (9¹
1060 3267 1093 3338 Ῑ)
1131 3302 1202 3352 toor
1219 3283 1381 3356 manoaiis
1395 3286 1440 3358 ad
1457 3312 1562 3358 anona
1578 3287 1743 3362 domnica.
1768 3296 1818 3362 Et
1834 3321 1895 3364 ere.

255 3389 300 3457 da
326 3383 481 3474 Marino,
508 3412 562 3456 nee
587 3411 647 3455 nrn
675 3387 719 3455 U·
741 3386 914 3458 Ennoaido
930 3383 1020 3476 filiis
1123 3379 1227 3468 sirotit
1260 3406 1379 3455 omnem
1412 3386 1570 3456 redditum
1603 3388 1651 3458 ὁ·
1674 3411 1802 3486 operas,
1836 3395 1894 3466 vei

256 3493 414 3584 quondam
448 3484 610 3558 Dominiei
626 3509 643 3554 .·
687 3487 731 3555 (9¹
751 3486 866 3578 subtus
898 3490 1019 3560 strada
1131 3482 1257 3554 exertior
1281 3484 1328 3555 ad
1352 3481 1423 3576 casa
1448 3483 1563 3559 saror·
1590 3487 1748 3560 Vincentii
1768 3491 1893 3586 sotere,

257 3601 299 3659 ao
323 3586 427 3658 modia
449 3585 598 3658 doodiee.
625 3589 664 3658 in
685 3585 841 3660 Decania
862 3588 1019 3682 quondam
1132 3583 1177 3653 θ
1210 3581 1390 3680 confignare
1414 3586 1583 3658 debeamus
1608 3588 1721 3683 vobis,
1756 3592 1812 3662 vei
1847 3594 1895 3664 ad

259 3685 476 3776 Rusticitni,
502 3689 584 3782 qood
603 3687 637 3756 r'rr
661 3687 730 3779 casa
748 3685 862 3759 SanSir'
887 3687 1019 3760 Vincen·
1131 3681 1240 3777 Misso
1262 3683 1396 3775 vesirr's,
1415 3687 1461 3756 Θ·
1483 3683 1724 3780 Missr'Domrri
1738 3689 1835 3792 super
1855 3719 1894 3764 a.

259 3787 301 3858 tii
326 3787 454 3859 obvinet
481 3790 521 3858 de
546 3793 733 3884 Teodeprrto
759 3791 803 3858 (9⁶
829 3789 957 3859 Rodeni
980 3791 1020 3860 de
1132 3809 1204 3858 rea.
1238 3789 1288 3857 Ει
1312 3786 1436 3858 canales
1456 3786 1611 3884 suscipere
1635 3790 1800 3864 debeamus
1824 3819 1893 3865 tunt

258 3889 488 3986 campolongo,
521 3891 566 3960 Ψ
592 3889 625 3960 in
646 3888 861 3984 suprascripta
888 3891 1020 3985 Coiega·
1131 3885 1217 3956 omni
1242 3911 1353 3958 onore.
1388 3889 1496 3960 Prado
1530 3889 1667 3991 abeatis·
1685 3891 1816 3966 lieentia
1848 3895 1894 3967 ad

259 3989 328 4063 ria.
355 3995 393 4062 In
419 3988 576 4064 Decania
602 3988 787 4080 Gausperti
810 3989 917 4062 modia
937 3993 1021 4083 duo,
1131 3985 1238 4060 modia
1260 3993 1347 4060 doo.
1382 3993 1432 4060 Es
1459 3988 1570 4073 siber
1594 3991 1700 4064 omnia
1726 4021 1787 4065 non
1814 4021 1896 4066 com·

254 4089 397 4184 sextaria
416 4091 491 4183 sex.
526 4095 567 4164 Irr
595 4089 750 4164 Decania
775 4089 922 4192 Lupuni
957 4117 1020 4162 mo·
1127 4087 1345 4183 pleoerimos,
1366 4089 1503 4186 qualiter
1518 4089 1666 4186 superios
1688 4093 1827 4188 iegitur,
1849 4097 1895 4168 o.

258 4191 316 4264 dia
340 4192 402 4262 duo
427 4191 542 4262 terrola
561 4190 771 4284 seminatore.
798 4197 837 4265 In
864 4191 1021 4266 Decaniu
1060 4195 1095 4265 D
1130 4188 1234 4260 centia
1252 4189 1300 4276 fit
1323 4191 1416 4260 vobis
1439 4189 1616 4282 Deosdedit
1640 4193 1812 4290 Episcopo,
1837 4199 1896 4268 vei

259 4295 418 4391 Lumpet·
443 4293 549 4366 modia
574 4313 642 4364 treo
667 4294 783 4376 terrola
807 4295 1020 4385 seminatore.
1130 4287 1248 4376 vesiros
1262 4285 1459 4384 soccessores,
1479 4311 1538 4385 per
1556 4317 1615 4362 tros
1638 4289 1734 4388 ipsis,
1756 4297 1813 4366 vei
1835 4324 1895 4369 tre.

260 4395 300 4465 Irt
327 4391 484 4468 Decania
510 4385 666 4490 quondam
693 4391 887 4468 Ruiiiciani
917 4393 1023 4466 modia
1126 4387 1207 4478 siris
1231 4389 1340 4483 Missis
1362 4388 1549 4487 distringere
1574 4393 1618 4464 o
1647 4391 1815 4494 pignerare
1838 4399 1897 4470 de·

258 4495 321 4564 duo
341 4495 459 4565 'terrola
477 4493 690 4586 seminatore.
726 4499 786 4566 Er·
800 4496 835 4566 in
862 4495 1018 4570 Decanio
1133 4489 1255 4564 beatis.
1279 4497 1371 4563 Perta
1391 4517 1466 4562 vero
1483 4495 1594 4566 ambas
1612 4494 1719 4590 partis
1737 4494 1820 4568 inter
1838 4523 1898 4572 nos

160 4635 165 4646 -
252 4591 459 4696 suprascripto·
491 4592 637 4694 Lopuni
670 4593 776 4669 mrdr'a
800 4617 933 4692 quatuor
957 4615 1016 4668 rer·
1130 4587 1321 4689 poffor'mos,
1356 4612 1393 4662 or
1414 4593 1575 4690 ‘quisquae
1605 4615 1683 4692 pars
1715 4615 1784 4670 tam
1807 4625 1893 4694 ors,

258 4695 327 4768 tola
346 4694 558 4792 seminatore.
584 4701 634 4769 Ει
656 4697 691 4769 irt
710 4696 927 4796 suprascripta
949 4701 1019 4772 De·

258 4795 360 4872 eania
385 4793 571 4896 Gausperti
594 4797 700 4873 modia
719 4801 803 4891 dor,
822 4797 959 4894 semodio
983 4825 1019 4870 o·

230 4897 299 4969 'rio
324 4905 440 4970 terrola
458 4897 669 4992 seminatore.
696 4904 736 4972 In
762 4899 919 4974 Decaoia
944 4903 1020 4974 Sto·

258 4997 333 5074 teli
366 4999 510 5092 semodio
547 5022 616 5072 treo
649 5001 764 5075 terrola
797 5001 1021 5096 seminatore.

260 5102 357 5196 ‚qood
382 5127 437 5198 ega
462 5100 527 5198 ipse
550 5101 717 5179 Dominiro
752 5103 786 5178 irt
815 5103 886 5198 casa
909 5101 1023 5178 terror·

320 5201 323 5210 ⁴
363 5209 452 5279 Tm·
477 5207 525 5284 Hs

1133 4717 1228 4790 qoam
1250 4691 1487 4793 succesoribus,
1512 4715 1571 4769 aot
1596 4695 1758 4772 beredibos
1782 4699 1924 4791 rosiris*

1132 4813 1208 4868 aute
1226 4794 1450 4893 suprasrtr'ptis
1474 4795 1719 4895 annisviginti
1744 4799 1788 4872 θ
1813 4826 1894 4873 nove

1132 4895 1173 4966 de
1198 4895 1267 4994 ipsa
1290 4897 1406 4969 terrola
1429 4897 1486 4970 oei
1509 4895 1581 4992 casa
1601 4897 1682 4989 soris
1705 4899 1809 4990 etrite,
1833 4920 1893 4972 aot

1133 5023 1256 5068 menore
1280 4997 1469 5088 volueritis,
1495 5025 1548 5071 nee
1571 4999 1646 5092 ir'r'r,
1668 5020 1727 5073 aot
1745 4997 1894 5088 sraudem

1128 5097 1316 5192 secerimos,
1340 5117 1400 5172 aot
1423 5099 1534 5197 aliqua
1552 5098 1649 5196 super
1667 5096 1820 5193 pofitione
1839 5099 1895 5193 [ιι.Ι

1236 5201 1256 5294 t
1779 5223 1846 5300 om.
