4570 6096
449 337 517 457 'sy
743 335 1157 470 nurruurr.
1215 349 1455 444 nourr
1491 353 1692 446 nour
1909 365 1965 452 rr

383 462 501 542 serunt
521 451 684 558 presentia
708 465 832 544 Petrus
858 467 1052 570 Episcopus
1075 475 1148 572 Lug
1184 473 1233 544 A*
1262 475 1458 567 sinendum,
1490 475 1591 568 salua
1626 471 1822 573 querimonia
1854 499 1956 544 eorum
1990 499 2026 546 o·

383 557 492 635 eensts
518 581 584 635 una
606 594 674 638 eum
692 575 867 668 Teupertur
883 576 1057 646 Advocato
1069 575 1151 666 suo,

381 661 566 737 tetussentrs
591 667 649 740 bae
663 721 859 764 ........
885 671 943 748 sco
968 676 1149 774 quondam

382 815 412 858 „
438 764 641 846 Sisomundi
670 773 706 846 te
732 775 818 848 otro
844 778 1022 874 germanis
1060 779 1149 852 deti·

385 919 412 960 „
438 887 525 943 nent
560 897 613 946 res
653 875 772 950 Sansli
808 877 962 951 Martini
999 878 1151 954 Ecclesre

384 1019 412 1059 „
438 969 550 1045 nosire
577 971 615 1046 in
643 977 820 1050 Valiano:
859 978 1066 1054 Adclsridus
1092 982 1145 1055 de·

1262 577 1422 650 minibus.
1458 579 1587 670 insusper
1612 580 1656 647 o
1681 575 1741 674 ipfi
1774 578 1939 648 Amedrus
1964 583 2026 650 Cu»

1263 703 1326 748 rues
1358 679 1491 752 Palaeis
1514 680 1558 750 O·
1584 675 1725 774 Missus,
1761 677 1805 748 (9¹
1829 677 2025 750 Adesbertus

1264 780 1438 870 Marusio,
1471 778 1624 872 miserunt
1649 785 1791 854 hunnum
1810 777 1937 850 Domni
1962 781 2051 850 lurn'

1259 883 1414 976 peraturis
1447 883 1482 954 in
1517 880 1683 974 Martenses
1715 905 1823 954 aureos
1847 881 1909 950 duo
1934 878 2028 952 misia

1257 981 1354 1076 super
1379 981 1455 1078 rpst's
1479 980 1558 1064 tusis
1584 984 1628 1052 θ’
1653 985 1763 1072 rebus,
1784 978 1938 1064 Ecclesiut
1957 983 2027 1054 Ut·

385 1123 412 1162 „
439 1071 533 1146 tinet
559 1076 711 1150 Ecclesia
738 1079 862 1152 Sansie
889 1081 1006 1154 Marie
1027 1081 1065 1156 in
1086 1087 1149 1155 Fe·
1263 1103 1298 1152 ut
1325 1083 1434 1152 nuilus
1460 1081 1558 1178 ipsius
1583 1082 1747 1180 Episcopii
1779 1081 1895 1154 Sansii
1929 1087 2027 1152 Mau

382 1225 411 1266 „
437 1174 590 1250 roniano
606 1179 674 1254 &o
698 1183 864 1254 Fraolmo
879 1207 958 1254 cum
976 1181 1045 1256 suis
1066 1211 1148 1256 con·

384 1325 412 1368 „
439 1273 546 1350 sortis
579 1277 716 1354 detinet
752 1308 804 1356 res
840 1281 958 1356 Sansli
996 1285 1149 1360 Martini

1261 1183 1327 1254 tini
1343 1182 1416 1269 stne
1439 1183 1541 1280 segusi
1564 1181 1686 1274 judicio
1709 1183 1824 1254 exinde
1838 1181 2026 1273 disvestire,

1262 1305 1320 1356 aut
1337 1285 1438 1356 ussum
1457 1283 1652 1370 intrusionem
1665 1283 1769 1374 secere
1782 1283 1943 1378 presumat
1956 1284 2027 1360 &n

385 1427 412 1470 ,‚
441 1403 548 1477 prope
571 1378 771 1456 Civitatem
799 1387 917 1458 Luca:
949 1385 1035 1460 Filii
1057 1391 1148 1460 Aut·
1189 1379 1216 1449 Β
1260 1385 1416 1481 periisses
1454 1387 1517 1458 duo
1556 1387 1651 1458 milia
1695 1383 1861 1476 Mancosor
1893 1384 1929 1477 se
1968 1380 2026 1480 esse

382 1530 411 1572 „
439 1477 531 1553 betti
569 1479 730 1558 detinent
757 1485 824 1558 &c
853 1484 940 1560 Filii
971 1488 1065 1561 Petri
1092 1489 1162 1570 do,

384 1631 411 1674 „
438 1578 532 1656 tinet
558 1607 610 1656 res
637 1583 757 1658 Sansli
783 1586 938 1662 Martini
965 1587 1003 1662 in
1027 1587 1148 1664 Garsa·
1202 1610 1206 1618 ”

382 1733 412 1774 ,,
438 1681 544 1756 uiaoa
570 1685 638 1759 &o
667 1685 725 1760 llii
751 1713 875 1762 omnes
899 1689 1037 1766 omines
1061 1691 1150 1766 deti·

383 1834 413 1878 „
438 1803 525 1858 nent
551 1784 620 1880 iam
640 1785 752 1862 disits
779 1816 832 1864 res
860 1817 920 1886 pet
945 1791 1149 1866 denomina-

383 1935 413 1976 „
438 1902 492 1958 tas
518 1886 637 1972 locas,
673 1889 738 1986 qui
777 1891 956 1986 pertinent
991 1893 1034 1965 de
1064 1893 1148 1991 Epi·

382 2035 412 2077 „
438 1981 560 2082 scopio
585 1987 728 2060 nolito.
766 1988 950 2064 Nescimus
984 1996 1046 2090 per
1079 2019 1148 2090 qua

381 2135 412 2178 „
438 2081 575 2158 eausam
586 2137 679 2162 .....
706 2085 793 2162 ficut
818 2089 1145 2183 audivimus,=nrel·

381 2186 512 2280 „lent
538 2185 676 2280 dicere,
712 2187 807 2286 quod
843 2191 971 2286 esinde
1005 2193 1149 2270 libellos

380 2339 412 2381 a»
436 2286 597 2364 ²bfl'011t·
627 2293 751 2388 Quero
778 2310 818 2372 ut
844 2295 1013 2389 veniant,
1038 2299 1074 2370 dc
1095 2296 1144 2372 di·
1188 2283 1220 2357 C

379 2440 410 2484 „
436 2407 518 2465 cant
546 2417 612 2492 pro
637 2419 707 2494 qua
733 2393 834 2472 causa
860 2395 953 2500 ipsas
979 2425 1033 2474 res
1058 2398 1143 2474 deti·

378 2543 408 2586 „
434 2509 548 2586 nent,
573 2495 610 2568 δι
637 2495 729 2572 mihi
756 2496 886 2574 exinde
910 2499 1080 2598 justitiam
1100 2501 1147 2576 sa-

378 2643 410 2688 „
435 2591 564 2682 ciatis,
589 2619 656 2689 ego
685 2601 808 2671 Petrus
834 2599 1028 2697 Episcopus
1067 2627 1148 2674 cum

381 2745 411 2786 „
437 2715 556 2768 meum
585 2693 847 2768 Advocatorem
874 2696 946 2794 jam
975 2723 1035 2790 per
1057 2701 1147 2770 mul·

376 2847 410 2888 „
435 2793 485 2870 tis
512 2793 661 2868 Placitis
689 2791 860 2892 presentia
895 2793 996 2868 Milli
1033 2797 1146 2892 Impe-

381 2947 412 2988 „
436 2893 559 2986 rialis,
586 2892 643 2970 seu
670 2893 881 2985 Comitum,
906 2896 942 2968 dt
962 2893 1069 2968 modo
1088 2919 1149 2996 per

379 3045 407 3089 „
436 3012 506 3068 tres
534 2994 629 3070 vices
648 2993 753 3070 nostri
775 2991 950 3095 presencia
974 2993 1147 3088 adessent,

379 3147 408 3190 „
433 3093 708 3198 klamavimus3
745 3094 796 3171 set
832 3121 1001 3196 umquam
1039 3095 1144 3173 mini·

378 3249 409 3292 u
435 3221 494 3272 me
528 3223 588 3290 sos
624 3196 667 3272 ad
701 3199 879 3274 Placitum
906 3199 1008 3274 abere
1043 3183 1219 3300 potuiD

379 3351 408 3392 „
434 3325 515 3374 curn
542 3297 594 3374 eis
613 3298 768 3374 standum
788 3300 827 3376 in
846 3298 1045 3376 racionem.
1064 3307 1147 3374 Cum

378 3399 446 3498 ipse
469 3406 584 3473 Petrus
610 3401 785 3501 Episcopus
809 3429 875 3477 uua
900 3429 968 3478 curn
993 3410 1144 3598 Τεΐη.

378 3520 413 3575 to
449 3502 623 3578 Advocato
656 3501 726 3598 ejus
766 3505 879 3580 taliter
908 3505 1046 3600 ,reclama
1070 3527 1145 3594 eut,

380 3621 457 3684 tunc
491 3603 556 3702 ipsu
588 3607 754 3678 Amedeur
787 3613 898 3682 coms
934 3605 1068 3678 Palaeis
1102 3607 1147 3678 θ

379 3699 523 3800 Missus,
550 3706 596 3777 θ’
619 3707 818 3780 Adesbertur
845 3707 993 3780 Marciis
1019 3706 1063 3778 (9·
1085 3713 1145 3779 Cu·

363 3830 470 3893 μοι,
494 3805 681 3902 liquerunt
705 3805 842 3900 Misius
874 3809 914 3880 de
947 3832 1051 3878 eurum
1072 3829 1144 3906 pre·

372 3905 484 4000 sentia
508 3909 555 3980 ad
579 3907 656 4006 ipsis
683 3910 865 4001 'ominibur,
901 3905 1041 4004 interesse
1066 3907 1147 4002 fieri

380 4008 488 4080 sudent
510 4011 637 4084 Psueito
665 4013 842 4109 perquirere
850 4037 872 4099 ,·
899 4011 950 4103 set
975 4037 1024 4082 eos
1048 4011 1145 4084 mirri·

380 4134 430 4182 me
457 4110 672 4204 invenerunt,
699 4115 756 4188 ves
780 4116 825 4190 ud
848 4113 1010 4186 Placitum
1034 4112 1150 4186 dissere
1183 4081 1213 4150 Ε

374 4231 549 4308 potueruut
567 4213 731 4312 jusiitias»
758 4215 966 4310 satiendam.
1002 4218 1145 4286 Etcum

380 4311 427 4392 sit
452 4337 513 4385 nats
541 4313 757 4408 invenissent,
793 4337 868 4390 turre
893 4315 957 4414 ipse
981 4319 1146 4390 Amedeus

379 4417 489 4486 eom
514 4417 646 4492 Palatio
671 4419 715 4490 Φ
741 4416 881 4514 Missus,
917 4419 961 4490 Φ·
986 4417 1144 4490 Adelber·
1190 4481 1193 4486 Α

379 4534 433 4614 tus
460 4519 607 4592 lssarrbiu
633 4521 678 4592 θ
702 4525 833 4610 Comes,
856 4542 914 4618 per
934 4517 1038 4610 susle,
1065 4543 1145 4615 quus

379 4617 416 4692 iu
436 4618 516 4710 suus
539 4623 691 4694 tenebunt
715 4621 884 4712 manibus,
912 4617 973 4714 ipsi
998 4625 1145 4692 Domuur

378 4724 493 4798 Petrus
528 4723 701 4822 Episcopus
726 4725 771 4798 θ
796 4729 932 4818 Teupert
956 4725 1144 4794 Advocato·

378 4848 412 4902 re
445 4824 516 4914 esur
548 4827 588 4900 du
620 4825 772 4926 perdissir
811 4822 1074 4912 castrorum
1099 4825 1145 4895 Φ·

378 4921 562 5020 Ecclesur,
600 4930 658 5024 seu
671 4979 835 5004 .......
875 4921 974 5020 ipfiut
1011 4923 1143 5020 Epist*

378 5033 430 5128 pii
454 5029 569 5110 tarni
592 5030 741 5114 Muttini
765 5027 998 5122 iuuesiiurtunt
1021 5029 1067 5105 ud
1088 5027 1145 5106 dte

1262 1486 1499 1583 composituros,
1525 1487 1720 1560 medietatem
1745 1491 1875 1558 Camere
1900 1489 2025 1582 Regis,

1265 1589 1309 1658 Θ
1335 1589 1532 1662 medietatem
1554 1588 1645 1686 parti
1671 1587 1768 1684 ipfius
1794 1585 1929 1672 Ecesefir
1955 1588 2025 1664 &t-

1314 1691 1455 1786 ¹Quidem
1481 1692 1525 1761 Θ·
1549 1716 1604 1788 ego
1637 1695 1702 1762 Leo
1735 1688 1871 1762 Nutariu
1895 1689 1940 1758 θ
1956 1694 2025 1780 Ju·

1263 1791 1324 1862 dex
1350 1792 1471 1864 Domni
1505 1790 1707 1888 imperaturis
1730 1817 1768 1862 ex
1783 1790 1943 1882 Judirum
1967 1791 2027 1861 ud·

1263 1892 1435 1964 munitione
1459 1891 1647 1988 scripsi...
1682 1889 1805 1964 Domni
1838 1889 2025 1980 lamberti,

1262 1997 1330 2062 Dee
1362 1991 1519 2090 propicio,
1553 1997 1679 2080 Sexto,
1713 1995 1771 2064 IV.
1806 1992 1862 2060 die
1898 1989 2026 2076 Mensis

1262 2091 1393 2180 Marci,
1418 2089 1594 2166 surdissime
1620 2095 1692 2164 XV.

1311 2193 1450 2290 Siguuru
1474 2217 1587 2266 manus
1610 2191 1752 2266 murder·
1772 2192 1907 2271 Comitis
1924 2191 2025 2266 Palu·

1262 2293 1308 2368 tiu
1333 2295 1378 2367 θ
1403 2295 1519 2390 Ms'ffi,
1545 2294 1601 2392 qui
1626 2293 1782 2390 utsupra
1808 2292 1974 2383 intersuit.

1311 2405 1339 2468 S
1340 2423 1449 2494 sgnum
1483 2421 1597 2468 manus
1619 2395 1795 2468 Adetbeni
1827 2393 1947 2462 Camiri
1981 2393 2027 2462 Θ·

1261 2497 1435 2584 Matthia,
1462 2495 1520 2590 qui
1544 2513 1580 2563 ut
1598 2493 1699 2588 supra
1725 2491 1894 2590 interfuit.

1302 2601 1335 2684 J
1335 2593 1470 2664 ohannes
1503 2597 1536 2682 J
1536 2599 1617 2662 urea
1660 2591 1781 2662 Domni
1824 2591 2038 2687 imperatoris¹

1261 2690 1413 2779 iutersui.

1310 2790 1508 2864 adelbertus
1526 2797 1558 2884 J
1559 2790 1641 2864 udex
1666 2790 1788 2864 Domui
1822 2793 2027 2889 Imperatoris

1263 2889 1413 2982 interfui.

1314 2992 1457 3068 ltaliam
1488 2997 1625 3070 Sacram
1654 2993 1817 3098 Ugltellii
1853 2991 2028 3093 tantisper

1263 3093 1448 3189 adeamus,
1484 3113 1524 3172 ut
1559 3095 1706 3172 nomina
1741 3094 2026 3196 Episcoporum,

1261 3195 1324 3296 qui
1350 3197 1433 3273 huic
1462 3199 1601 3273 Placito
1635 3197 1845 3290 interfuere,
1880 3196 1959 3272 illic
1985 3223 2022 3272 a·

1262 3296 1488 3400 gnoscamus.
1517 3298 1709 3376 Parmenss
1734 3301 1779 3374 ab
1804 3325 1847 3373 eo
1870 3299 2024 3398 appella·

1262 3419 1321 3475 tur
1340 3403 1506 3498 Esburgus
1524 3421 1583 3474 aut
1606 3403 1829 3495 Hesbringus:
1853 3399 1891 3488 in
1914 3398 2027 3474 Char.

1262 3519 1298 3573 ta
1318 3499 1430 3574 nostra
1450 3502 1629 3595 Helbiugus
1647 3499 1680 3572 ei
1701 3523 1830 3571 nomen
1857 3495 1923 3570 esi.
1949 3501 2026 3574 Lu·

1262 3597 1372 3674 nenfis
1412 3599 1605 3702 Episcopus
1643 3597 1734 3698 apud
1773 3597 1934 3674 eumdem
1971 3603 2025 3674 tt.

1261 3699 1434 3802 ghellium
1461 3719 1606 3775 uocatur
1623 3702 1832 3772 odelbertus:
1857 3697 1935 3773 heic
1957 3705 2026 3773 He·
2114 3774 2120 3786 ,

1260 3805 1443 3878 delbertus.
1480 3801 1675 3878 Praesulem
1703 3801 1949 3876 Florentinum
1977 3801 2024 3878 il·

1262 3906 1295 3978 le
1322 3921 1500 4005 nuncupat
1526 3903 1730 3997 Grasolsum:
1769 3901 1919 3978 Charta'
1937 3901 2025 3978 hae'e

1262 4007 1461 4100 Gersulsum.
1499 4005 1661 4104 Denique
1696 4002 1739 4078 ad
1775 4031 1814 4078 ea
1840 4024 2024 4099 tempora,

1263 4106 1331 4182 hoc
1370 4105 1417 4182 eli
1460 4105 1503 4182 ad
1544 4109 1692 4182 Annum
1734 4107 2025 4182 Dcccxcvtt.

1263 4210 1402 4284 nullum
1429 4207 1618 4308 Ugltellius
1643 4215 1770 4304 Lupum
1791 4207 1956 4299 Seueuseuu
1973 4212 2025 4278 E·

1258 4311 1417 4409 piscopum
1451 4308 1628 4402 recenset,
1661 4335 1768 4404 quiem
1802 4327 1922 4382 tamen
1949 4311 2025 4382 Do·

1263 4429 1467 4486 cumentum
1493 4409 1562 4486 ltoc
1588 4409 1692 4485 nobis
1717 4407 1938 4484 disertissime
1967 4407 2026 4484 in·

1262 4512 1379 4588 dicat.
1420 4517 1453 4587 ls
1493 4511 1637 4610 quidem
1674 4509 1718 4586 ad
1752 4513 1900 4588 Annum
1938 4513 2025 4586 DC·

1262 4617 1464 4690 Luxus.
1483 4621 1610 4712 Lupum
1628 4613 1816 4712 Episcopum
1834 4617 1942 4688 Senac
1960 4610 2023 4686 siau

1261 4716 1359 4818 tuit3
1387 4714 1444 4790 sed
1469 4741 1615 4802 uereor,
1652 4740 1696 4788 ne
1723 4733 1822 4789 extra
1849 4713 2026 4806 chorum,

1262 4817 1329 4893 hoc
1348 4817 1416 4908 esi,
1443 4843 1488 4893 ne
1512 4820 1635 4915 Lupus
1661 4815 1724 4890 ille
1749 4815 1841 4892 idem
1870 4813 1933 4900 stt,
1959 4811 2025 4911 qui

1261 4945 1354 4994 nunc
1373 4919 1476 4996 nobis
1495 4917 1537 4994 ad
1558 4923 1704 4994 Annum
1733 4915 2023 4994 Deccxcvtt.

1261 5022 1438 5102 occurrit.
1474 5023 1612 5132 Interea
1641 5015 1798 5098 uidimus
1832 5014 1952 5200 iim
1978 5013 2025 5110 62

1867 5135 1969 5190 etrum
