4550 6072
416 385 529 490 ,σος
731 371 1137 492 ANTIQUIT.
1197 369 1434 462 MEDII
1489 366 1727 464 AEVI'
1870 379 1960 496 'coa

386 494 594 588 σοζ’]ννένννν,
619 513 657 565 ut
682 495 804 589 integra
821 497 1001 598 relaeanrpur
1024 497 1047 564 h
1071 501 1144 564 ser.
1182 495 1218 568 A
1255 495 1387 582 nellae,·
1411 491 1545 585 bisunt
1564 493 1637 586 filii
1670 490 1815 568 autaut
1838 497 1934 568 Serui
1959 499 2017 570 nn'd

385 591 471 661 ortt„
495 596 594 680 (te,
621 595 667 674 ab*
693 597 875 691 ingenuitas
892 598 943 683 st'
963 621 999 666 us
1019 597 1146 666 illorum
1246 593 1330 684 stri,
1356 621 1436 691 quas
1459 597 1639 693 Stephanus
1663 601 1789 668 Stratos
1803 595 1818 693 (
1829 597 1909 698 lego
1934 597 2017 674 stra·

378 673 442 765 sub
466 695 640 784 desenfione
659 695 755 793 ipfius
772 695 920 770 Abbatis
941 699 1052 768 dehent
1074 718 1143 792 per·
1255 714 1340 786 tot,
1366 693 1435 769 hoc
1470 695 1517 770 cst
1552 696 1764 795 Marpahis)
1796 722 1854 794 per
1887 705 2017 772 Praete·

379 798 554 889 paenaliter
575 800 763 892 perdurare.
792 803 916 870 Servos
954 797 1145 871 manumit-
1252 815 1343 893 ptum
1364 797 1485 892 falsum
1510 799 1689 871 liberauit.
1715 799 1870 873 Fortall'e
1896 816 2014 877 tamen

384 899 508 972 tendos
528 897 606 970 heic
629 901 731 996 plane
750 898 868 971 videre
888 895 980 972 mihi
1001 897 1143 972 videor.
1255 897 1392 998 aliquid
1419 897 1634 974 discriminis
1654 899 1748 974 inter
1768 901 1929 1002 vulgares
1942 907 2016 974 sar-

383 1003 428 1074 ln
454 1017 559 1096 quam
586 999 695 1072 etiam
714 999 921 1097 opinionem
947 1017 1145 1098 congruunt
1253 1025 1312 1070 ors
1336 1001 1371 1072 dr
1398 1003 1574 1074 Condamus
1600 999 1813 1091 intercellit,
1840 1028 1923 1074 nam
1950 1001 2017 1078 Gi.

383 1125 474 1197 quae
516 1098 615 1199 supra
656 1099 842 1174 attulimus
882 1127 925 1173 ex
962 1099 1145 1174 Chronico
1254 1098 1361 1174 solius
1391 1105 1473 1175 Dux
1492 1101 1607 1175 eidem
1629 1101 1845 1178 Monasterio
1863 1102 2015 1204 largitur

383 1199 638 1291 Vultutnenfi,
665 1203 700 1274 &
736 1229 779 1275 ex
814 1199 978 1302 Gregorii
1016 1200 1143 1300 Magni
1248 1201 1460 1294 substantiam
1485 1206 1673 1296 Aumaldr',
1699 1205 1785 1297 casas
1802 1257 1812 1292 ‚
1831 1207 1936 1299 demas
1954 1207 2017 1276 col·

383 1301 578 1396 Epistolis,
605 1301 666 1376 ubi
693 1303 810 1402 agitur
835 1301 877 1376 de
897 1304 1062 1374 Conduma
1081 1329 1146 1373 una
1253 1325 1331 1393 tas,
1357 1305 1559 1394 condomas,
1594 1311 1730 1394 Servos,
1757 1302 1805 1382 νίν
1838 1305 2014 1382 Ancillas.

383 1431 463 1479 cum
493 1405 575 1503 jugo
602 1405 734 1494 boum,
760 1407 795 1476 dc
824 1403 966 1504 praedio
994 1429 1056 1501 pro
1083 1401 1144 1475 do·
1170 1398 1216 1470 1Β
1253 1403 1461 1477 condomae
1486 1430 1575 1478 voce
1610 1405 1709 1479 Servi
1746 1407 1883 1478 tantum
1918 1404 2016 1479 Mas·

383 1523 420 1581 tc
446 1504 605 1578 Oratorii
632 1504 827 1578 statuenda.
864 1507 948 1577 Mos
983 1503 1078 1577 enim
1106 1529 1141 1576 o·

383 1607 450 1682 lim
478 1604 569 1697 fuit,
597 1631 748 1703 eumque
788 1604 902 1704 postea
938 1603 1143 1678 Ludovicus

382 1735 462 1886 psus
489 1707 664 1809 Augustus
699 1708 737 1782 in
774 1706 843 1780 suis
877 1703 1143 1803 capitularibus

1254 1501 1334 1576 sarii
1362 1497 1530 1604 defignati
1568 1503 1707 1580 forcalle
1746 1505 1898 1580 fuerint.
1935 1511 2014 1580 Sae-

1254 1602 1390 1703 piffime
1404 1608 1514 1681 etiam
1531 1607 1663 1707 legitor
1681 1607 1718 1680 in
1743 1606 1895 1708 ejusdem
1922 1609 2016 1682 coe·

1254 1705 1355 1780 nobii
1392 1708 1633 1782 Beneuentani
1674 1708 1819 1782 Chattis
1854 1713 2015 1782 Contrane

1253 1808 1369 1898 cala,
1404 1832 1484 1904 quae
1518 1810 1637 1908 regitur
1668 1831 1725 1904 per
1760 1810 1919 1900 Fuscum,
1954 1831 2013 1906 pet

1253 1912 1445 1981 Maurinum
1472 1909 1543 1988 &a
1582 1913 1698 1984 immo
1733 1911 1770 1984 in
1807 1909 2013 2007 Diplomate

1254 2008 1369 2107 primo
1397 2009 1543 2084 Arichis
1564 2015 1647 2084 Dux
1674 2011 1781 2086 donat
1799 2018 1922 2082 cnrrem
1936 2009 2016 2107 (le-

1253 2135 1299 2208 go
1325 2112 1504 2209 Cortem)
1532 2113 1566 2184 in
1593 2114 1738 2186 Lucania
1762 2114 1843 2200 lusa,
1872 2111 1927 2206 qni
1959 2111 2014 2182 di·

1253 2211 1335 2280 citur
1359 2218 1520 2314 Quaem,
1556 2216 1601 2286 ad
1635 2217 1811 2288 condomas
1836 2208 2013 2310 (intrastis

412 1808 568 1900 rmavit,
598 1827 638 1883 ut
673 1807 815 1908 singulis
850 1803 1013 1880 Eccleitis
1048 1804 1143 1879 dotis

384 1909 501 1984 caussa
526 1935 614 1983 unus
641 1908 763 1982 saltem
785 1906 928 1981 Manius
948 1925 1059 1980 terrae
1079 1905 1142 1980 tri·

384 2013 548 2086 buerctur
574 2035 653 2084 cum
681 2037 752 2083 uno
779 2025 839 2082 aut
866 2007 1000 2083 duobus
1039 2011 1141 2078 Man·

384 2113 495 2210 eipiir.
531 2111 594 2186 Sed
630 2111 724 2211 quod
760 2106 1031 2184 controverfiam
1065 2133 1142 2180 om·

383 2240 464 2290 nem
506 2214 631 2287 tollere
670 2211 801 2311 potest,
837 2207 893 2284 adi
934 2207 1142 2283 chronicon
1179 2239 1185 2246 ·

385 2312 625 2392 Beneventani
660 2310 865 2388 Monailerii
901 2307 1046 2384 Sanblae
1082 2313 1140 2384 So·
1185 2303 1217 2376 C
1255 2336 1294 2384 ac
1330 2315 1567 2411 Condornas)
1604 2317 1792 2404 duodecim,
1830 2341 1910 2412 quae
1941 2313 2014 2386 haee

385 2419 512 2520 phire,
540 2419 583 2491 ab
611 2415 782 2513 Ughellio
809 2413 944 2488 editum
971 2415 1079 2484 Tom.
1108 2415 1142 2486 8.

385 2521 466 2593 ltal.
493 2523 634 2592 Sacrae.
653 2519 829 2589 Condamae
854 2513 892 2586 in
914 2512 1071 2610 antiquis
1098 2511 1140 2585 il·

384 2621 454 2695 lius
481 2618 658 2694 Coenobii
681 2615 825 2692 Chattis
851 2612 1043 2714 saepilstme
1070 2639 1140 2687 me·

383 2714 591 2809 moraniur,
620 2746 659 2792 ac
686 2717 870 2817 praecipue
906 2715 943 2788 in
979 2715 1143 2806 Judicato

383 2821 551 2896 Arichisri
569 2817 808 2894 Beneventani
829 2814 938 2890 Ducis
958 2841 1035 2915 pag.
1055 2822 1141 2913 617.

382 2922 516 3022 primae
542 2919 734 3008 editionis,
762 2917 822 2991 ubi
852 2921 935 2990 Dux
962 2915 1025 2991 fibi
1053 2943 1140 2992 nun·

382 3025 512 3098 riarum
540 3019 612 3110 ait,
640 3021 733 3118 quod
760 3023 940 3106 condoma,
968 3045 1062 3118 quarn
1089 3018 1140 3092 bt·

382 3151 442 3196 nae
461 3125 681 3195 recordationis
700 3129 825 3194 Dumna
844 3123 1049 3194 Theoderada
1075 3149 1141 3193 curn

1248 2409 1347 2503 sunt.
1373 2413 1480 2505 casa,
1520 2441 1598 2512 quae
1637 2439 1756 2513 regrtur
1791 2436 1850 2510 per
1886 2420 2015 2486 Formo·

1249 2514 1321 2604 lum
1348 2511 1422 2592 &a
1449 2516 1554 2605 Casa,
1589 2543 1669 2610 quae
1695 2518 1815 2610 regitur
1836 2537 1895 2612 per
1919 2520 2017 2589 Mat-

1255 2641 1322 2684 cum
1346 2611 1421 2692 &a
1449 2612 1580 2686 Confer
1606 2641 1694 2711 quae
1721 2613 1818 2710 supra
1860 2614 1967 2688 attuli
1994 2619 2016 2688 ὲ

1255 2714 1435 2788 Chronico
1464 2711 1707 2788 Vulturncnfi.
1727 2718 1821 2814 Ergo
1838 2719 2016 2785 condomae

1255 2816 1449 2913 appellatae
1489 2813 1598 2888 etiam
1637 2813 1775 2888 fuerant
1817 2813 2015 2908 mancipio-

1255 2941 1331 2988 rum
1374 2917 1596 2990 Colonorum
1638 2913 1842 3006 Familiae,
1887 2913 2016 3012 quibus

1257 3015 1428 3104 suaerat
1464 3015 1551 3090 Casa
1590 3036 1669 3089 cum
1713 3041 1824 3116 agro,
1860 3015 2014 3114 ipsorum
2078 3021 2081 3031 ’

1256 3119 1361 3216 operi
1395 3115 1608 3192 excolendo.
1643 3119 1740 3190 Serui
1775 3115 1892 3206 rasati,
1927 3143 2014 3215 quo·

382 3231 506 3299 Damno
539 3224 660 3316 Giiolso
686 3223 764 3315 filio
793 3224 852 3316 suu
890 3224 1070 3295 obtulerunt
1106 3225 1140 3292 in
1183 3231 1216 3298 D
1256 3245 1333 3292 rum
1355 3219 1521 3292 meminit
1541 3221 1691 3292 Carolus
1717 3221 1869 3316 Magnus
1888 3216 1925 3290 in
1945 3215 2014 3291 suis

379 3324 541 3424 praedibio
555 3327 783 3413 .Monajlerio.,
811 3351 891 3420 quae
915 3323 1062 3397 habitare
1088 3326 1137 3394 vi·

381 3430 474 3500 detur
509 3427 542 3499 in
577 3433 710 3512 Prata,
749 3427 947 3514 Zacharias,
982 3428 1039 3523 qui
1071 3427 1142 3516 fuit

381 3527 525 3618 sabbas,
552 3550 658 3600 eontra
684 3527 876 3599 ceruanicam
895 3528 1036 3622 regulam
1062 3525 1138 3598 libe·

382 3632 474 3704 ravit
500 3629 514 3724 (
527 3629 608 3717 {orti
633 3629 830 3726 libertavit)
851 3628 955 3724 fitque
989 3629 1077 3700 modb
1107 3629 1142 3718 se

380 3735 403 3804 h
422 3731 482 3824 suo
506 3729 646 3800 Servitia
668 3727 850 3817 subtrahere
874 3750 1046 3822 quaerunt.
1075 3736 1141 3802 Nos

381 3835 458 3904 dum
483 3827 565 3900 talia
588 3827 800 3921 audiffemut,
822 3827 966 3922 juffimus
987 3850 1062 3900 ante
1088 3857 1139 3900 nu·

376 3933 446 4022 lira
471 3929 608 4025 vestigia
644 3931 723 4030 ipsos
747 3929 905 4019 homines,
934 3929 1011 4018 idest
1036 3929 1139 4001 coele·

373 4033 518 4124 stinum,
546 4039 693 4130 Lupum,
721 4031 899 4125 &Ursum
925 4028 998 4110 &e
1018 4028 1066 4112 &⁹
1092 4031 1140 4101 in'·

381 4135 571 4232 quifioimns
595 4160 672 4224 eas,
705 4155 760 4230 pro
799 4159 862 4231 qua
897 4134 1018 4205 ratione
1051 4133 1087 4224 Je
1121 4137 1143 4206 ri

375 4237 513 4327 servitio
549 4235 646 4332 ipfius
682 4236 871 4323 Monafierir'
901 4232 1143 4326 subtraherent.

383 4333 605 4434 Respondent
632 4335 661 4408 ii
688 4334 781 4408 inter
808 4357 956 4410 cetera:
990 4336 1087 4410 Serui
1112 4363 1140 4407 e·

381 4435 477 4506 xinde
511 4435 667 4524 fuimus.
708 4437 883 4509 Zacharias
924 4441 1053 4509 Liberos
1090 4462 1144 4505 nos

381 4534 540 4623 constituit
566 4535 634 4604 &a
662 4536 783 4624 Quum
807 4533 1144 4629 deprehenderentur

382 4635 465 4710 sacti
493 4638 679 4726 Canones,
707 4632 741 4705 δι
780 4631 994 4728 Liutprandi
1031 4639 1143 4731 Leges

381 4734 552 4813 adversari
590 4734 678 4830 abiis
723 4731 911 4807 Zachariae
957 4734 1141 4826 Abbatis,

380 4839 492 4915 rursus
518 4836 577 4913 illi
606 4837 766 4912 homines
789 4837 825 4908 in
849 4832 1062 4909 servitutem
1090 4862 1140 4910 re·

379 4941 567 5042 eliguntur.
589 4943 681 5012 Item
710 4938 746 5012 in
770 4931 977 5037 Diplomate
995 4936 1140 5012 Arichis

379 5045 489 5118 Ducis
528 5059 771 5118 memorantur
811 5041 989 5114 condomae
1022 5043 1139 5138 Impru-

1256 3318 1545 3416 Capitularibus‚
1583 3319 1819 3392 meminerunt
1852 3321 1887 3392 tr
1923 3318 2013 3410 alii,

1257 3447 1379 3520 parum
1407 3440 1468 3494 aut
1506 3420 1595 3494 nihil
1625 3423 1644 3492 b
1686 3420 1852 3502 condamis
1891 3417 2013 3496 diliare

1256 3521 1443 3696 vademur.
1484 3520 1549 3594 Sed
1591 3537 1726 3620 tempus
1767 3516 2011 3622 progrediendi

1255 3650 1273 3697 e
1315 3675 1324 3694 .

1307 3727 1391 3800 Non
1419 3724 1589 3824 exiguum
1614 3721 1868 3812 commodum,
1895 3718 2014 3794 stmul-

1255 3851 1322 3922 que
1349 3828 1628 3900 emolumentum
1664 3825 1753 3898 olim
1789 3822 1858 3898 fuir
1888 3822 2015 3898 Domi·

1255 3928 1309 4000 nis
1337 3932 1462 4002 Servos
1500 3925 1663 3999 homines
1699 3925 1842 4000 habete.
1872 3923 2016 3998 Nostro·

1253 4054 1332 4102 rum
1360 4047 1558 4125 temporum
1581 4025 1705 4101 famuli
1732 4025 1921 4114 initalia,
1948 4023 2015 4098 loi-

1181 4136 1210 4206 E
1253 4130 1340 4204 licet
1367 4127 1529 4203 homines
1555 4128 1686 4218 liberi,
1723 4126 1894 4227 quidquid
1921 4125 2012 4202 lucri

1253 4257 1298 4306 ex
1327 4229 1515 4315 Dominis,
1542 4247 1602 4302 aut
1622 4257 1665 4304 ex
1687 4229 1826 4328 proprio
1846 4225 2012 4302 industria

1241 4331 1467 4414 corradunt,
1495 4347 1613 4404 totum
1649 4329 1712 4404 fibi
1753 4328 1888 4426 suisque
1925 4326 2012 4404 filiis
2101 4387 2104 4394 .

1252 4433 1407 4508 habent:
1436 4433 1471 4504 δι
1499 4433 1640 4529 quotics
1667 4459 1726 4506 eos
1747 4429 1876 4531 cupido
1902 4427 2013 4502 inces-

1252 4533 1316 4622 fit,
1357 4535 1456 4606 Hero
1494 4535 1604 4632 priori
1644 4532 1799 4620 tuitio,
1839 4535 2012 4620 alterum,

1251 4633 1366 4706 immo
1392 4659 1506 4710 novos
1532 4651 1661 4732 quarto
1685 4660 1826 4734 quoque
1841 4633 1909 4708 die
1951 4630 2012 4708 fibi

1250 4735 1413 4834 eligunt3
1442 4755 1539 4810 metu
1566 4753 1681 4810 autem
1709 4734 1816 4810 soluti
1839 4731 2013 4808 Dominos

1248 4834 1426 4909 interdum
1454 4863 1525 4910 non
1553 4836 1636 4912 satis
1664 4856 1890 4922 reverentur,
1917 4861 2014 4910 raro·

1249 4963 1316 5032 quc
1343 4933 1384 5011 ad
1412 4963 1532 5030 eorum
1561 4936 1747 5014 seruitium
1769 4937 1909 5012 solicite
1935 4935 2013 5008 ani·

1248 5057 1348 5118 mum
1376 5036 1597 5132 intendunt,
1623 5040 1718 5139 quod
1745 5035 1922 5141 objurgati
1951 5051 2012 5110 aut

1822 5137 1962 5238 castiga·
