4594 6070
464 287 545 462 ngr

758 347 1145 472 Aurrourr.
1212 351 1444 445 uunrr
1505 307 1684 451 rari

1885 400 1967 484 252

395 453 501 544 sacius
519 462 556 556 se
574 463 793 558 subtraxerit,
828 492 886 542 aue
910 477 1049 570 amplius
1072 477 1162 548 deae·
1199 481 1233 550 A
1271 475 1353 574 sque
1379 477 1507 552 exinde
1544 481 1701 576 Vaffallur
1734 483 2033 560 constituebatur}

401 559 565 655 quiſsent,
599 587 666 639 tum
698 569 859 664 prediiius
892 575 1101 672 Magrfredus
1125 605 1161 648 a.

399 662 482 734 head
502 668 646 762 predicta
681 676 773 741 Corte
798 679 843 742 θ
867 675 976 762 Castro
999 679 1038 748 de
1063 683 1159 750 Mou-

397 779 430 830 te
455 769 595 861 Reuzoli
608 773 823 870 ·prrprieta5ip
842 774 945 869 jure,
985 781 1029 849 Θ
1048 781 1162 870 fuciud

398 865 540 962 quicquit
564 863 723 964 voluerit,
743 873 815 960 siue
832 880 1074 951 contradiflioue
1088 903 1158 978 pre·

265 1008 272 1021 ·
397 965 481 1036 dieti
514 971 704 1065 Bruttiani,
733 976 861 1074 surffque
895 981 1085 1056 heredibus.
1112 989 1161 1054 Et

396 1067 432 1136 iu
458 1073 637 1164 resinous,
664 1096 701 1148 ut
719 1077 819 1174 supra
844 1081 986 1176 legitur,
1022 1085 1157 1174 Boursa-

396 1170 463 1240 cius
479 1171 577 1263 filius
603 1180 759 1273 quondum
795 1182 909 1252 Eurici
942 1186 983 1254 de
1003 1185 1065 1275 [uu
1085 1205 1157 1282 por·

393 1271 479 1344 riuus
503 1277 542 1347 rie
567 1280 710 1352 omuibus
744 1284 853 1373 rebus,
883 1283 941 1376 feu
974 1291 1091 1358 Seruus
1115 1289 1160 1358 Θ

1271 576 1454 678 Ejusmodi
1481 586 1595 655 Feuda
1621 583 1682 658 diu
1708 585 1815 660 etiam
1849 611 2030 686 perrexere

1271 681 1442 780 appellari
1477 683 1662 776 Beneficia,
1698 686 1791 783 quod
1826 713 1949 786 nempe
1985 685 2030 759 ad

1272 805 1406 856 morem
1433 801 1593 859 veterum
1621 785 1878 860 beneficiorum
1913 787 2029 860 trade-

1269 901 1417 974 rentur,
1453 887 1488 958 &
1524 886 1724 962 dominium
1760 886 1932 962 direilum
1959 891 2062 962 ca..

1269 985 1358 1058 stelli
1386 1004 1446 1059 aut
1472 985 1594 1080 fundi,
1624 987 1782 1062 Domino
1809 988 1927 1062 stabile
1953 1013 2029 1084 per·

1271 1107 1445 1160 maneret.
1473 1091 1634 1180 Verium,
1662 1108 1701 1164 ut
1727 1089 1906 1181 vidimus,
1933 1086 2052 1178 valli·

1269 1187 1381 1278 olim,
1407 1185 1465 1262 seu
1493 1190 1639 1264 Vsss'alli
1659 1191 1886 1281 creabantur,
1906 1215 2030 1288 quarn·

1268 1315 1374 1386 quam
1401 1291 1540 1364 nullum
1566 1292 1616 1364 eis
1643 1291 1859 1366 conferretur
1890 1289 2031 1366 Benefi-

393 1375 579 1469 Aucillas,
619 1407 698 1476 quas
740 1388 779 1454 de
820 1389 977 1480 mondum
1008 1389 1157 1460 Adama-
1197 1393 1225 1462 B
1270 1390 1390 1488 cium;
1418 1417 1530 1490 neque
1555 1419 1599 1466 ex
1625 1391 1662 1466 vi
1681 1393 1856 1485 Beneficii,
1876 1390 1933 1466 sed
1952 1410 2031 1464 tan·

393 1476 462 1548 rius
482 1478 576 1568 suit,
604 1483 648 1552 tr
674 1483 738 1578 ipse
763 1487 952 1578 Bonesaeius
977 1489 1092 1560 Euriei
1110 1488 1154 1580 fi·

392 1577 460 1648 lius
484 1608 566 1652 nuuc
589 1577 742 1676 deeiuee,
766 1609 886 1682 excepto
912 1591 982 1660 iliis
1015 1591 1158 1662 omuibus

392 1682 513 1774 rebus,
551 1683 610 1776 feu
643 1692 759 1760 Servus
798 1689 842 1759 Θ
880 1693 1064 1783 Ancillas,
1099 1721 1157 1790 que

385 1779 466 1870 fient
481 1835 598 1860 .....
603 1815 624 1862 ·.
645 1789 802 1885 simulque
827 1795 868 1862 de
891 1793 1030 1885 preditis
1047 1795 1156 1882 Castro

393 1883 437 1952 θ
463 1889 560 1956 Curre
584 1915 643 1982 que
669 1891 849 1962 ucruiuatur
863 1899 987 1964 Monte
1021 1903 1154 1988 Reuzu·

391 1981 420 2052 li
446 1985 603 2060 ublicuvit
627 1991 795 2080 adeersum
819 1993 994 2087 prediiium
1019 1997 1153 2086 Bonifa-

391 2083 495 2174 tium,
510 2093 767 2181 quemadmodum
781 2094 857 2182 fecit
876 2097 1103 2192 Magrsredus‚
1118 2119 1155 2168 ut

384 2184 487 2280 supra
507 2191 660 2286 legitur,·
679 2193 722 2263 (Ψ
740 2196 930 2284 Boursacius
950 2199 1095 2269 Marebio
1106 2199 1151 2283 fi·

1273 1491 1460 1566 tummodo
1486 1521 1530 1568 ex
1557 1519 1699 1568 munere
1728 1491 1899 1588 Vaffaeiei‚
1935 1519 2032 1594 prae·

1269 1593 1349 1666 llari
1375 1593 1559 1668 consuevit
1585 1594 1723 1670 Seniori
1750 1593 1953 1670 Fidelitatis
1978 1595 2032 1692 ju·

1269 1713 1465 1770 ramentum
1481 1749 1491 1772 .
1507 1781 1509 1786 ,
1527 1699 1663 1772 Contra
1698 1695 1831 1771 Seculis
1867 1694 2032 1796 posterio-

1271 1796 1368 1870 ribus
1393 1799 1533 1872 ratione
1560 1815 1698 1872 tantum
1728 1796 1836 1872 Feudi
1872 1793 2032 1892 Vaffullur

1269 1897 1415 1995 quisque
1451 1897 1691 1998 efficiebatur;
1728 1903 1763 1970 &
1800 1897 1910 1972 Feudi
1946 1923 2030 1970 con·

1271 1994 1376 2070 cellro
1409 1999 1667 2098 obligationem
1705 2000 1826 2088 Fidei,
1860 2023 1900 2071 ac
1936 2013 2030 2071 tute-

1270 2101 1340 2172 lam
1381 2099 1531 2172 Domini
1567 2099 1725 2189 diuiti,
1767 2097 1837 2172 sive
1872 2097 2029 2172 Senioris

1271 2199 1494 2300 conjundiam
1523 2200 1691 2274 habebat.
1729 2203 1909 2274 Praeterea
1937 2215 2033 2274 vete·

392 2286 513 2358 militer
525 2293 669 2386 permiste
681 2295 784 2384 facere
803 2298 1150 2393 BonifatioEurieifi
1195 2311 1226 2382 C
1270 2329 1347 2376 rum
1375 2301 1537 2394 Beneficia
1562 2302 1604 2375 ad
1632 2301 1744 2376 vitam
1772 2301 1944 2374 duntaxat
1975 2325 2031 2374 ac·

390 2388 438 2460 tio
447 2389 560 2478 ,fieuti
567 2395 658 2466 debet
667 2397 916 2493 faeereptedidlo
925 2402 1153 2498 Mungesredc.

446 2493 583 2566 Fadium
608 2493 651 2582 e‘sl
675 2501 729 2572 buc
753 2521 894 2595 tempore
920 2505 1041 2574 Dcmm
1074 2511 1153 2575 Cur·

389 2595 465 2665 radi
490 2599 677 2690 Imperatori
700 2601 866 2693 Augusti,
899 2611 1003 2674 Auno
1027 2605 1156 2695 Imperii

391 2693 461 2784 ejus
496 2698 659 2792 Septimo,
690 2699 900 2794 suprascripte
932 2701 1007 2791 die,
1041 2703 1155 2793 Mense

392 2797 518 2866 Martii
532 2851 543 2886 ,
570 2797 757 2870 ludiiiioue.
770 2802 940 2873 Secunda.

441 2903 546 2985 Auo,
558 2898 885 2992 munumentum,
898 2903 1060 2994 Ubuldut,
1070 2910 1154 2976 Teu·

393 3025 434 3092 χο
443 3051 455 3086 ,
465 2997 672 3089 Mareheselic
682 3017 692 3089 3
702 2999 907 3096 Sigesrrdus,
921 3006 1153 3096 Puclrauellus,

392 3105 600 3189 Beruurulus,
619 3101 783 3190 Geremiu,
802 3109 902 3190 Aru,
923 3103 1152 3191 iuterfuerunt.

1271 2403 1439 2498 cipientis
1466 2402 1780 2502 protendebantur.
1808 2404 2032 2473 frenavero

1274 2507 1383 2578 etiam
1410 2504 1452 2576 ad
1480 2503 1575 2576 filios
1602 2529 1641 2580 ae
1668 2518 1813 2599 nepotes
1847 2497 2030 2574 transfere·

1271 2605 1423 2689 bantur,
1461 2603 1515 2674 uti
1550 2600 1644 2674 infra
1678 2627 1721 2674 ex
1749 2605 1845 2700 Lege
1871 2600 2030 2676 Conradi

1273 2706 1300 2774 Ι.
1338 2699 1487 2801 Augusti
1522 2700 1726 2802 intelliges.
1770 2701 1869 2776 Mihi
1905 2703 2035 2776 Seculo

1270 2805 1408 2876 tantum
1436 2804 1592 2902 vulgaris
1629 2807 1744 2878 Acrae
1786 2807 1848 2878 XI.
1875 2802 2031 2878 Chartae

1267 2931 1448 2978 occurrere
1483 2903 1686 3002 incipiunt,
1722 2905 1761 2977 in
1797 2905 1925 3002 quibus
1969 2931 2031 2978 ex·

1271 3005 1417 3102 prelium
1444 3005 1550 3074 Feudi
1575 2999 1703 3078 nomen
1731 3004 1887 3104 legitur;
1929 3007 1963 3078 δι
1990 3005 2032 3078 st·

1268 3103 1411 3202 quidem
1447 3103 1640 3204 Scriptores
1676 3103 1830 3195 Biuefier'i
1854 3108 2030 3182 vocabulo

443 3201 489 3292 ἧι,
514 3201 653 3298 Signum
668 3201 821 3293 Jrhauur
845 3203 982 3276 Notario
1003 3204 1050 3276 ibi
1062 3205 1153 3298 suit,
1196 3231 1228 3299 D
1268 3224 1437 3298 utuntur,
1474 3233 1534 3302 per
1559 3206 1650 3280 illud
1678 3205 1897 3308 fignifieant,
1931 3209 2027 3307 quod

391 3302 435 3374 Θ
460 3329 520 3373 uuc
545 3305 638 3374 breue
658 3303 798 3402 scripsi.

444 3406 505 3478 An
533 3419 616 3478 ante
648 3407 831 3480 Saeculum
869 3411 934 3483 xt.
968 3406 1150 3484 invebium

391 3533 512 3580 revera
538 3505 645 3581 fuerit
671 3534 800 3582 nomen
827 3511 958 3600 Feudi,
979 3537 1046 3611 ego
1064 3538 1147 3584 non·

394 3609 477 3683 du'tn
504 3611 525 3682 ὲ
551 3608 707 3708 probatis
733 3610 864 3684 tabulis
886 3611 1020 3685 didici.
1044 3611 1151 3705 Quod

392 3730 529 3785 certum
555 3709 601 3783 eli
626 3713 771 3782 feudum
794 3711 963 3828 appellari
987 3732 1151 3812 coeptum

391 3811 439 3891 eli
464 3808 677 3901 Callellum,
714 3809 916 3910 praedium,
951 3814 986 3886 u
1013 3811 1037 3886 fi
1064 3841 1153 3913 quae

390 3910 472 3986 lunt
508 3910 577 3984 alia
612 3911 741 3986 tradita
768 3914 812 3986 ad
837 3911 1091 3990 usumfructum
1117 3912 1183 3990 a·l

391 4011 503 4104 licui,
539 4011 622 4088 dum
651 4013 727 4090 rita
754 4013 963 4110 accipientis
990 4017 1149 4116 perdura·

390 4133 469 4205 ret,
496 4115 558 4214 qui
586 4133 768 4216 propterea
794 4117 1030 4216 pollicebatur
1065 4117 1149 4196 fide·

391 4215 532 4291 litatem
558 4219 595 4292 δι
621 4217 807 4296 servitium
833 4220 1017 4314 Domino,
1052 4221 1153 4298 illiu·
1181 4267 1185 4304 ι

1269 3335 1361 3382 nunc
1381 3310 1527 3382 feudum
1545 3310 1780 3408 appellamus.
1798 3313 1939 3386 Praeter
1957 3309 2028 3386 alia

1268 3413 1428 3508 exempla
1447 3409 1486 3487 in
1506 3409 1572 3483 hoc
1592 3413 1707 3507 Opere
1729 3409 1897 3510 legenda,
1917 3435 2028 3488 unum

1268 3511 1430 3612 profero,
1455 3509 1651 3586 delumturn
1680 3539 1724 3587 ex
1747 3511 1966 3612 autographo
1993 3539 2028 3588 e·

1267 3614 1414 3688 xistente
1437 3614 1476 3688 in
1495 3613 1659 3688 Archino
1676 3611 1774 3706 lupra
1792 3613 1928 3688 laudati
1942 3617 2027 3690 Mo·

1267 3713 1405 3790 nallerii
1425 3714 1631 3790 Veronenfis
1651 3715 1769 3788 Sanssi
1793 3713 1969 3812 Zenonis,
1986 3715 2027 3790 in

1266 3843 1337 3914 quo
1357 3817 1502 3892 Beatrix
1527 3817 1668 3891 Ducill'a
1690 3814 1866 3910 Tusciae,
1887 3818 1922 3892 δι
1947 3821 2029 3892 Mn·

1267 3919 1590 3994 tbildisComitiffa
1609 3921 1684 4016 eius
1704 3915 1927 4010 fllia,eidetn
1943 3922 2028 3994 Mo·

1266 4020 1413 4095 nallerio
1435 4021 1524 4094 bona
1544 4019 1750 4111 restituunt,
1765 4022 1805 4092 ed
1820 4019 2028 4097 conditione

1194 4136 1223 4206 E
1266 4122 1422 4224 adjeild,
1446 4149 1489 4196 ne
1516 4121 1624 4196 alicui
1651 4121 1814 4220 deinceps
1828 4123 1894 4218 'per
1919 4123 2030 4196 Libel-

1236 4226 1354 4316 llum,
1380 4241 1441 4299 aut
1468 4225 1504 4295 iu
1531 4221 1725 4315 Beufieiuru
1751 4221 1952 4298 tradantur.

389 4401 550 4492 Beattix
580 4401 788 4491 comitilia
816 4404 976 4494 Ducilla
999 4405 1168 4498 Tusciae
1190 4439 1280 4496 cunr
1305 4407 1385 4494 filia
1409 4405 1471 4494 sua
1497 4403 1723 4515 Methilde,
1746 4403 2029 4496 refutationem

637 4525 898 4636 quarumdam
932 4551 1124 4611 terrarum
1155 4528 1253 4616 lacit
1282 4526 1527 4613 Monallerio
1557 4527 1773 4613 Veronenli

865 4641 999 4728 Sanni
1031 4647 1230 4776 Zenonis,
1268 4652 1391 4734 Anno
1415 4671 1550 4760 =1073.

384 4835 472 5024 IN
493 4839 619 4912 nomine
640 4836 779 4914 Suuiiue
797 4839 843 4911 0·
861 4838 1061 4914 individuae
1081 4843 1156 4916 Tri·
1179 4846 1184 4940 Ι

459 4941 592 5016 uitatis.
610 4949 684 5042 Ego
705 4941 850 5016 Bentrix
874 4943 1090 5035 Comititsa,
1113 4947 1159 5016 (9·

380 5043 519 5140 gloriose
531 5043 610 5124 filia
624 5071 703 5124 mee
715 5043 907 5124 Mathildie
919 5099 933 5141 ,
946 5047 1094 5122 omuibus
1105 5047 1155 5142 fi·
1179 5119 1183 5136 ,

1263 4844 1391 4918 delibus
1411 4841 1532 4931 Christi
1555 4863 1662 4914 uotum
1682 4839 1738 4938 effe
1753 4808 1923 4932 uolumus,
1943 4845 2026 4938 quod

1263 4974 1317 5042 ego
1349 4945 1486 5018 Beutrix
1509 4941 1672 5039 Comitrffu
1697 4971 1765 5016 curu
1787 4945 1929 5039 preclara
1945 4939 2028 5032 filiu

1265 5075 1334 5122 uec
1353 5047 1542 5140 mattilde,
1560 5073 1663 5121 umore
1680 5046 1745 5121 Dei
1754 5099 1766 5137 ,
1783 5045 1826 5115 dr*
1838 5042 2028 5214 surssiiffirui

1920 5168 1975 5214 ou·
