4550 6072
310 423 389 510 573
602 383 977 478 nrssnnnnrro
1019 383 1517 508 ounnrnnootnn.
1720 423 1822 512 sn

293 524 449 584 Andreas
473 509 686 584 subdiaconus
712 506 862 598 interfui.

293 615 473 708 Aupalcles
488 619 520 704 J
522 621 603 682 ntea
629 609 785 702 interfui.
848 656 854 670 ·

294 719 468 807 Anjblmttt
496 719 650 788 Notarius
677 707 830 804 interfui.

247 917 256 936 ο
294 814 494 938 Gaieloaldus
509 823 540 908 J
543 815 625 886 uclex
649 813 769 886 Donni
803 809 1004 909 Imperatoris

242 918 474 1140 'n'fflltkifin
510 1021 626 1114 Jndere
659 1017 745 1114 sacri
784 1015 912 1091 Palatii
953 1017 1002 1089 in·

243 1121 405 1320 ,Ἥκω
422 1225 536 1316 sedes
562 1221 712 1313 interfui.

296 1317 351 1400 De
391 1326 487 1401 noris
530 1321 806 1424 Chronologieis
850 1321 1004 1398 Chartae

244 1427 347 1528 hujus
383 1428 474 1502 infru
511 1428 623 1502 sermo
658 1429 747 1499 erit.
786 1428 892 1518 Nunc
929 1426 1002 1498 ani·
1041 1441 1068 1510 Β

243 1535 462 1605 maduertere
487 1531 610 1634 juvat,
636 1528 798 1602 homines
823 1527 866 1600 ed
892 1526 1003 1600 Placi-

244 1649 322 1707 tum
358 1631 492 1706 accitos
527 1631 654 1720 fareri3
689 1628 723 1702 se
757 1631 777 1702 b
813 1629 1004 1703 nativitate

246 1739 370 1808 Servos
390 1733 455 1807 effe
475 1731 699 1807 Ambrofiani
719 1731 921 1823 coenobii,
947 1757 1003 1804 eo-

244 1849 394 1934 rumque
421 1837 632 1936 parentes&
653 1856 737 1906 avos
764 1833 893 1907 Servili
921 1858 1002 1906 con·

245 1937 383 2012 ditione
410 1939 575 2039 alligatos
601 1935 728 2026 suillo,
763 1935 798 2007 δι
821 1933 1006 2030 pertinuiffe

245 2039 288 2112 ad
315 2043 462 2114 Curtem
491 2043 711 2126 Lemontae,
747 2035 804 2110 eui
832 2036 1004 2108 Moneclti

245 2151 330 2214 tunc
357 2141 503 2214 Ordinis
531 2140 649 2214 sanni
677 2137 861 2212 &ordini
890 2137 1002 2210 domi·

246 2245 438 2315 nubantur.
465 2246 550 2336 Quo
577 2245 684 2315 etiam
713 2243 794 2314 luco
817 2237 1006 2332 discimus,

1119 507 1258 582 reddere
1284 509 1449 584 debemus
1474 529 1596 582 centurn
1627 509 1709 602 ferri
1734 517 1879 617 Libras,

1117 610 1228 682 Pelles
1247 611 1406 708 triginta,
1433 615 1477 682 Φ
1495 621 1569 684 Oua
1593 632 1782 691 tercentum.
1807 623 1879 700 Hi.

1117 710 1171 786 sce
1212 709 1478 790 conditionibus
1513 713 1613 788 Servi
1648 712 1708 792 illi
1742 717 1879 800 incute.

1119 815 1204 886 bant
1230 839 1331 914 agros
1360 810 1424 889 fibi
1454 814 1676 890 commillos.
1714 821 1877 902 Tandem

1119 915 1336 1009 advocantur
1370 917 1503 990 Nobiles
1529 917 1679 990 Homines
1703 921 1785 996 cirea
1809 956 1879 1002 rna.

1119 1013 1283 1090 nentes-in
1303 1019 1393 1092 locis
1419 1019 1669 1110 Lemontinis,
1697 1027 1789 1098 ut&
1814 1027 1879 1130 ipfi

1120 1116 1225 1194 fidem
1251 1117 1384 1194 iaciant
1410 1121 1452 1196 de
1478 1121 1607 1196 Servili
1633 1121 1721 1196 statu
1741 1153 1880 1206 eorum.

1118 1217 1198 1294 dem
1226 1219 1590 1297 hominum.'1vnnn
1616 1241 1732 1299 autem
1760 1235 1881 1330 appel.

1119 1325 1239 1398 lantut
1264 1323 1335 1397 viri
1362 1323 1509 1422 ingenui
1536 1348 1576 1400 sc
1603 1323 1732 1420 libert,
1759 1331 1814 1406 uli
1839 1329 1880 1409 in

1121 1425 1372 1502 Dillertatione
1401 1431 1499 1500 Xlll.
1528 1428 1748 1522 praecedenti
1775 1431 1883 1534 figni-

1120 1527 1297 1602 licabam.
1323 1534 1384 1602 An
1412 1529 1453 1603 ad
1481 1527 1562 1604 illos
1588 1529 1725 1604 eosdem
1753 1537 1881 1612 Serene

1119 1628 1298 1705 referenda
1324 1629 1367 1704 stt
1392 1634 1501 1705 altera
1538 1628 1699 1724 Charta,
1735 1661 1779 1709 ex
1806 1638 1883 1739 eju.

1121 1731 1213 1804 idem
1240 1731 1468 1808 Ambrosiam
1495 1732 1684 1810 Tabulurii
1713 1741 1882 1839 exemplo

1120 1835 1269 1930 antiquo
1303 1833 1510 1933 depromta,
1546 1855 1682 1910 certum
1719 1844 1884 1939 explora.

1118 1951 1267 2031 tumque
1300 1935 1450 2008 minime
1484 1936 1621 2011 habeo.
1667 1942 1756 2013 Sunt
1790 1967 1881 2040 quae

1118 2035 1319 2108 discordant
1328 2059 1342 2140 ς
1380 2035 1460 2110 sunt
1485 2037 1595 2112 etiam
1622 2061 1716 2138 quae
1738 2039 1776 2114 id
1803 2067 1881 2142 per·

1119 2135 1308 2212 suadeant.
1353 2141 1629 2238 Conqueruntur
1664 2140 1702 2214 in
1740 2145 1882 2221 Placito

1119 2237 1218 2311 Serui
1239 2241 1473 2327 Lemontini‚
1492 2249 1708 2340 pertinentes
1726 2243 1769 2316 ad
1789 2247 1883 2320 Am.
1991 2233 1995 2247 ’

246 2369 354 2443 quare
380 2345 593 2418 vocabulum
625 2342 824 2415 Porticenses
849 2339 888 2413 ln
915 2342 1004 2414 anti·
1047 2347 1080 2420 C
1121 2335 1313 2412 brosranam
1341 2339 1547 2434 Basilicam,
1573 2343 1677 2442 eique
1702 2366 1881 2422 annexum

247 2443 598 2621 ttnilt‘tnlt.
612 2443 1006 2645 ‚titillet

247 2647 443 2748 significet.
469 2648 646 2735 Cortifianr'
670 2671 822 2750 quoque
837 2644 1007 2744 appellati

246 2751 437 2850 aliquando
464 2751 707 2850 reperiuntur,
734 2746 907 2846 ejusmodi
931 2739 1005 2820 Ser·

247 2852 285 2924 ri
325 2849 484 2942 Coloni,
525 2855 619 2950 quod
659 2856 808 2925 Cortem
849 2849 1005 2946 aliquam

133 2995 134 2998 =
248 2950 385 3022 domini
423 2951 474 3022 lul
501 2955 723 3023 excolerent.
760 2949 888 3022 Itidem
921 2975 1006 3044 quo·

249 3051 316 3125 ties
344 3049 446 3124 nobis
473 3065 662 3124 occurrunt
687 3048 725 3122 iu
748 3041 877 3122 eisdem
897 3049 1007 3121 Char·

249 3153 296 3227 tis
332 3153 496 3228 familiae
535 3151 697 3248 utriusque
730 3151 845 3242 sexus,
885 3151 1006 3248 explo-

1121 2440 1401 2532 Monasterium‚
1436 2440 1470 2516 se
1505 2443 1580 2541 pati
1609 2443 1881 2544 fhpetirnpofircrn

1119 2569 1157 2616 erc
1188 2563 1280 2640 perte
1305 2543 1455 2636 Gcidnffi
1478 2541 1626 2618 Abtnts
1650 2547 1882 2634 Ambrosiani.
1969 2621 1973 2630 .

1121 2645 1323 2719 Videlicet:
1347 2647 1448 2742 [repre
1472 2645 1531 2738 id,
1557 2650 1639 2746 qnod
1663 2649 1695 2719 ei
1710 2649 1881 2742 debentur,

1119 2749 1240 2839 censnrn
1265 2751 1288 2817 ἱ
1313 2749 1423 2836 nobis,
1450 2744 1498 2826 (φ’
1521 2749 1691 2846 navigium
1706 2753 1882 2847 *exquirin

1119 2849 1279 2920 animalia
1303 2849 1401 2920 etiam
1427 2847 1531 2935 nostra
1566 2850 1724 2922 interdum
1749 2854 1881 2944 enlin.-

1119 2949 1227 3022 olives
1260 2951 1403 3046 colligere
1436 2973 1474 3021 cc
1510 2969 1672 3048 petorem,
1712 2954 1880 3026 calcariam

1117 3071 1234 3144 quoque
1253 3051 1357 3138 secere
1382 3073 1439 3121 nos
1462 3054 1571 3147 regit.
1607 3059 1657 3125 Er
1682 3057 1765 3152 quod
1785 3056 1882 3154 prins

1117 3150 1181 3238 ejl,
1207 3149 1365 3218 multoties
1391 3171 1574 3245 megrana
1590 3154 1766 3249 flagellare
1792 3158 1879 3256 (Ἴ,

248 3271 361 3330 tatum
391 3255 462 3342 est,
500 3271 585 3327 tunc
620 3249 806 3352 significari
833 3253 1007 3323 Seruus&
1052 3247 1084 3317 D
1119 3249 1162 3318 (θ’
1196 3250 1328 3346 capillos
1362 3249 1477 3336 nellrrs
1509 3252 1631 3342 auferre
1658 3254 1766 3352 (Ἥ,
1794 3257 1880 3341 stine

248 3358 422 3431 Ancillas.
448 3360 565 3428 Onera
589 3351 650 3427 libi
677 3351 756 3450 ipfis
779 3350 942 3452 impolita
966 3351 1008 3424 ii·

248 3456 326 3529 dem
364 3456 463 3530 Serui
502 3455 596 3529 bisce
632 3455 749 3528 verbis
785 3453 1006 3528 describunt:

248 3559 519 3629 conditionaliter
552 3559 697 3652 colligere
733 3559 878 3627 debemus
903 3557 1012 3630 olivas

247 3661 286 3731 de
311 3661 452 3730 Olivetir
476 3661 587 3731 Curris
613 3660 736 3755 ὄρβιος,
771 3655 818 3737 dr
852 3681 1011 3754 premere,

248 3761 292 3831 θ
326 3761 438 3830 exinde
472 3763 572 3831 oleum
606 3763 778 3848 educere,
814 3787 854 3833 ac
890 3763 1013 3832 trabere

249 3862 295 3934 ed
320 3859 549 3948 Monallerinnr
573 3862 690 3934 Sanlli
714 3862 908 3947 Ambrosii:
942 3869 1010 3934 Ar·

248 3989 306 4060 qne
335 3963 448 4036 eidem
486 3965 673 4036 Cocnobio
708 3967 834 4036 reddere
868 3967 1011 4035 debemus

251 4062 395 4164 singulis
435 4063 535 4138 annis
571 4065 608 4138 in
646 4083 826 4139 numerata
862 4065 1009 4165 pecunia

1119 3351 1154 3420 in
1185 3351 1342 3446 presentia
1367 3351 1495 3422 cernitis
1518 3355 1683 3450 'precipih
1719 3359 1816 3430 Tum
1843 3385 1881 3433 c.

1118 3467 1304 3524 numerant
1331 3451 1451 3542 Servi,
1489 3469 1578 3550 quot
1603 3480 1709 3529 onera
1736 3454 1806 3530 five
1832 3485 1876 3534 ex

1118 3552 1246 3654 poblo,
1282 3551 1352 3625 live
1386 3561 1431 3628 eri
1467 3553 1720 3630 consuetudine¹
1754 3583 1877 3636 eorum

1118 3657 1268 3754 majores
1308 3654 1465 3730 subirent
1500 3655 1560 3730 sub
1603 3661 1877 3759 imperatoribus

1121 3759 1313 3848 Dominis,
1351 3758 1476 3832 deinde
1512 3756 1572 3832 sub
1603 3763 1707 3834 Petro
1734 3761 1877 3838 Abbate

1118 3861 1370 3960 praedecellore
1410 3859 1595 3951 Gnidum,
1637 3863 1671 3934 bc
1711 3860 1750 3937 ln
1791 3861 1877 3940 haec
1949 3926 1951 3932 .

1117 3965 1223 4036 verba
1248 3961 1433 4035 dcssnttnt:
1469 3975 1524 4036 ..tr
1554 3985 1614 4058 per
1637 3967 1715 4052 hcc,
1753 3968 1890 4038 nullan·

1118 4069 1207 4136 nobis
1236 4085 1312 4159 pars
1338 4063 1530 4151 Monnllerli
1557 4063 1655 4150 mellei
1679 4067 1879 4162 superimpe-

249 4168 373 4238 Sclider
399 4187 581 4266 argenteos
614 4167 822 4267 septinginta
833 4193 855 4256 ;
888 4168 923 4238 δι
951 4193 1012 4265 per
1050 4151 1077 4220 Ε
1114 4167 1212 4252 fitam
1232 4163 1336 4254 faeere
1359 4169 1470 4254 eene,
1497 4163 1581 4238 idest
1607 4189 1699 4238 nore
1720 4167 1878 4266 antiquie

249 4269 385 4343 Larum
414 4271 561 4342 Larium
589 4268 755 4340 Aiiacem
781 4268 899 4342 sanni
923 4278 1009 4342 Ans·

248 4367 364 4458 brolii,
391 4371 445 4440 vel
472 4369 539 4456 eius
566 4370 701 4462 Milies,
731 4373 814 4446 nasi
841 4371 1009 4446 deducere

1116 4289 1223 4341 onera
1250 4265 1398 4339 addere.
1431 4264 1561 4340 Caussl
1586 4266 1732 4340 cairan
1759 4295 1877 4346 corant

1119 4367 1420 4466 Archiepiscopo‚
1444 4371 1561 4442 Servis
1582 4369 1733 4442 vilioris
1759 4369 1876 4448 cellit.

250 4469 444 4546 debemus.
490 4476 672 4549 Praeterea
710 4472 773 4574 ipss
818 4459 1041 4574 quotannis!
1120 4476 1300 4574 Integrum
1330 4469 1506 4546 Placitum
1532 4493 1625 4546 nune
1651 4470 1800 4548 habeto.

329 5125 364 5200 (³
399 5121 527 5191 Scilicet
548 5123 738 5193 lcumentum
759 5141 919 5194 excutere.
965 5191 968 5200 ,

329 5203 396 5282 (⁸⁸)
421 5207 578 5274 Viselicet
600 5213 728 5275 tondere
751 5211 879 5291 capillos
901 5211 933 5273 in
956 5205 1074 5290 fignum
1096 5201 1267 5272 servitutis.
