4570 6096
326 391 379 484 st·
612 374 1531 489 'nrssnnrnnro'utctu'm
1782 379 1844 490 si

265 559 291 600 „
317 513 376 584 uel
416 499 728 608 conlrarictatem,
773 519 833 592 uel
877 517 1028 594 nostram
1063 541 1099 612 Α
1140 516 1197 592 seu
1215 519 1373 611 Scantini,
1397 511 1599 592 &Scabiuei
1612 515 1781 616 appellati
1797 517 1906 612 sunt}

264 661 291 701 „
318 611 532 688 summillam
559 617 741 718 personam
760 617 800 692 in
820 619 1027 696 contrascri-

263 758 290 804 „
318 731 380 814 pto
406 743 446 790 ae
482 719 544 792 ubi
581 719 734 794 ubilibet
768 721 851 794 loco
876 718 1026 816 fec'crit,

263 816 545 917 „composituri
581 847 645 896 nos
679 819 746 895 elle
781 821 1026 922 promittimus

264 967 290 1005 „
317 943 382 992 nos
411 919 558 1018 predibli
585 923 813 997 Gerardus&
837 927 955 1000 Racco
974 943 1024 1000 at·

263 1069 290 1107 „
317 1045 386 1118 que
411 1021 532 1096 Guido
557 1023 739 1122 germani,
765 1049 833 1100 una
861 1052 942 1100 curn
962 1053 1025 1101 no·

264 1169 290 1210 „
317 1119 392 1195 liris
427 1119 514 1196 filiis
547 1127 584 1197 δι
620 1125 836 1216 heredibus,
872 1154 913 1203 ac
947 1127 1025 1204 iso

264 1271 292 1312 ,‚
318 1224 460 1298 Abbate
485 1223 528 1298 de
562 1223 667 1326 iplius
693 1227 923 1322 Monallcrii,
956 1155 1024 1306 dsi-

258 1373 289 1412 „
316 1321 398 1423 sque
434 1325 680 1404 succelloribus
707 1327 936 1406 dedenarios
963 1333 1024 1408 bo·

1138 645 1330 720 eorumque
1348 645 1478 693 nomen
1491 619 1528 692 ἃ
1545 643 1671 692 munus
1691 617 1803 694 adhuc
1847 647 1901 694 er·

1138 721 1241 796 durat
1266 723 1306 794 in
1333 720 1476 810 Gallia,
1503 719 1714 812 Germania,
1749 645 1909 820 aliillpue¹

1139 827 1299 924 Europae
1318 821 1543 922 regionibus,
1563 819 1619 895 scd
1639 820 1770 896 minori
1790 825 1899 922 qubus

1139 924 1230 998 olim
1257 923 1490 1014 aubloritate,
1518 941 1558 996 ut
1584 921 1676 996 infra
1703 923 1874 998 constabit
1887 930 1906 998 .'

1141 1027 1210 1100 Sub
1236 1025 1552 1128 Langobardorum
1579 1021 1735 1124 Regibus
1763 1023 1801 1098 in
1829 1029 1901 1100 lta·
1958 1097 1959 1100 ,

1139 1127 1189 1202 lia
1224 1129 1364 1202 nullum
1405 1125 1496 1200 mihi
1538 1123 1705 1200 habimus
1743 1125 1901 1202 occurrit

1140 1255 1261 1304 eorum
1290 1227 1497 1329 vestigium,
1533 1225 1585 1300 ita
1612 1244 1653 1300 ut
1678 1225 1756 1302 veti
1782 1227 1904 1302 uidea-

1140 1349 1199 1406 tur
1238 1329 1373 1422 fintile,
1412 1331 1431 1402 l
1468 1319 1683 1402 Francorum
1721 1343 1826 1430 gente
1861 1353 1902 1402 ac

262 1477 290 1516 „
317 1449 381 1498 nos
401 1425 529 1504 Libras
551 1429 723 1530 triginta:
751 1433 787 1504 δι
807 1430 896 1506 hanc
923 1433 1022 1532 lpon.
1066 1461 1094 1530 g
1141 1431 1296 1533 Regibus
1326 1427 1509 1505 inteblum
1545 1427 1645 1504 luiffe
1680 1428 1719 1504 in
1755 1429 1900 1504 Italicae

259 1577 288 1616 „
315 1524 445 1602 fiunem
482 1527 521 1604 in
548 1529 608 1604 sua
638 1549 840 1632 permaneat
874 1529 1022 1610 firmita-

260 1679 289 1718 „
317 1643 373 1702 te.
403 1634 452 1700 Et
477 1627 542 1726 ipse
568 1633 664 1726 Ursus
688 1636 856 1730 Presbyter
878 1635 924 1706 θ
949 1641 1024 1708 Μο-

262 1729 382 1799 naebus
414 1749 509 1827 atquc
543 1731 723 1830 Propositus
751 1738 876 1830 pariter
909 1763 1026 1810 mecum

258 1829 401 1923 predicis
427 1832 614 1922 Dominicut
639 1836 785 1908 Tabulis
809 1834 881 1932 ejus
904 1841 1022 1912 Advo-

262 1949 348 2004 uotor
372 1932 537 2005 diximus:
563 1989 587 2027 „
613 1938 662 2009 Et
687 1961 753 2010 nos
787 1961 865 2012 eam
899 1939 945 2014 fic
972 1965 1021 2014 re·

258 2081 289 2126 4,
316 2029 522 2132 cipimus&
549 2035 775 2136 deprecamur
793 2065 858 2113 uos
877 2065 1022 2135 omnes,

260 2180 288 2224 „
315 2132 377 2228 qui
404 2133 473 2208 hoc
502 2133 634 2210 videtis
660 2137 702 2210 ad
730 2138 952 2238 profuturum
972 2159 1021 2217 te·

261 2281 289 2326 „
315 2230 546 2308 stimonium.
585 2242 667 2308 Cum
705 2238 760 2310 bor
792 2239 916 2330 fabium
955 2247 1024 2337 est,

261 2349 338 2404 tunc
363 2333 461 2420 misit·
482 2341 626 2408 Domus
659 2337 1023 2416 oldericus‘Subdiaco·
1065 2376 1098 2448 c

261 2455 322 2510 nus
347 2435 393 2505 θ’
417 2433 537 2530 Miffus
571 2440 692 2526 Donni
724 2443 926 2538 Imperatoris
958 2471 1026 2517 cunt

258 2534 401 2630 prodibis
440 2541 584 2610 Domnus
624 2541 773 2632 Erordur
805 2551 914 2614 Comes
946 2547 1023 2619 ban·

262 2637 338 2706 dunt
369 2634 580 2738 superceptis
615 2638 711 2736 ipsius
738 2642 835 2736 Ursus
866 2647 1027 2720 Presbiter

263 2738 307 2806 (⁹⁸
332 2740 509 2810 Monarbus
534 2765 602 2813 cunt
623 2743 766 2838 prodibis
791 2747 1023 2839 Adwcotote,

263 2855 300 2907 et
325 2839 434 2909 nullus
460 2841 548 2912 bomo
579 2840 626 2928 fit
650 2843 747 2936 ausus
780 2846 866 2942 ipsas
899 2873 948 2920 trs
973 2850 1021 2920 in·

261 2943 356 3008 troire
381 2959 439 3012 aut
474 2943 645 3032 invadito,
678 2945 734 3015 vob
769 2947 869 3042 ipsum
903 2953 1021 3021 Mona·

255 3035 388 3124 sterium
413 3041 597 3134 disvestire,
631 3064 691 3115 aut
724 3045 860 3130 uosltunt
885 3051 1023 3120 bandum

259 3138 460 3236 confrangens
477 3141 551 3227 fine
584 3143 686 3240 legali
713 3143 858 3236 judicio.
894 3152 942 3218 Et
968 3151 1025 3241 qui

259 3238 314 3315 boc
343 3239 481 3331 fecerit,
511 3243 595 3334 sciat
622 3244 660 3334 se
695 3245 928 3340 cmpojiturum
961 3249 1020 3320 Bi·
1064 3286 1097 3353 D
1130 3245 1201 3332 liro
1234 3245 1311 3319 vite
1335 3247 1381 3320 eis
1405 3241 1536 3342 conceffae
1565 3245 1690 3338 suern,
1726 3247 1812 3322 baec

1142 1535 1255 1608 Urbes
1271 1547 1277 1560 '
1295 1531 1468 1632 ejusmodi
1507 1555 1638 1606 nomen
1671 1557 1711 1606 ac
1746 1529 1903 1605 ministe-

1140 1637 1256 1709 rium.
1282 1635 1442 1726 Judises,
1476 1657 1552 1730 quot
1584 1633 1736 1704 Scabiuos
1759 1651 1901 1726 meant,

1141 1735 1273 1834 legitur
1298 1733 1337 1808 in
1364 1732 1498 1808 Charta
1524 1731 1626 1806 Anni
1664 1735 1901 1808 Dcccxvt.

1141 1834 1368 1954 lBignonio
1403 1833 1499 1908 edita
1535 1831 1575 1908 in
1612 1834 1721 1910 Notis
1756 1831 1799 1908 ad
1825 1837 1904 1935 Ap-

1142 1937 1279 2037 pendtc.
1304 1933 1493 2010 Marculli.
1522 1934 1692 2009 Nominis
1718 1951 1835 2010 autem
1862 1961 1903 2009 o·

1140 2038 1246 2138 rigo,
1282 2035 1376 2112 inter
1410 2034 1578 2110 Eruditos
1612 2033 1815 2136 disputata,
1841 2035 1904 2111 ad.

1140 2137 1209 2213 huc
1236 2137 1283 2212 cll
1309 2136 1371 2211 sub
1394 2137 1530 2238 judice.
1558 2134 1754 2211 Praefertur
1772 2138 1792 2210 d
1812 2161 1903 2212 non.

1140 2237 1251 2314 nullis
1287 2236 1459 2312 sententia
1492 2236 1607 2338 Lipfii
1631 2240 1667 2312 δι
1694 2235 1808 2313 Vollii
1843 2237 1905 2314 de.

1140 2340 1346 2416 ducentium
1373 2337 1464 2412 banc
1489 2363 1614 2411 vocem
1641 2339 1661 2410 l
1686 2338 1903 2414 Germanico

1140 2443 1300 2538 scirpeo,
1326 2439 1457 2532 sudes.
1491 2439 1540 2512 Et
1574 2437 1721 2513 illorum
1755 2439 1906 2538 quidem¹

1142 2541 1192 2616 l're
1218 2567 1304 2616 uens
1330 2539 1468 2615 mentio
1493 2538 1650 2614 occurrit
1685 2537 1724 2613 in
1750 2539 1905 2640 Capitu-

1139 2571 1273 2716 laribus
1309 2645 1445 2742 Regum
1481 2644 1718 2732 Francomm,
1745 2641 1905 2742 Legibu-

1140 2741 1222 2842 lque
1248 2767 1309 2842 per
1334 2767 1393 2817 eos
1420 2739 1550 2815 additis
1586 2741 1902 2842 Langobardorum

1139 2843 1290 2918 Ediblo.
1329 2845 1480 2919 Carolus
1524 2845 1680 2916 Manus
1723 2841 1763 2918 in
1802 2845 1902 2919 Lee

1140 2949 1254 3022 xLV.
1280 2945 1376 3020 inter
1400 2943 1550 3045 Langob
1613 2942 1707 3036 icas,
1734 2969 1839 3045 agens
1858 2869 1902 3020 be
1951 2991 1954 2998 .

1128 3045 1184 3121 ¹iis
1210 3045 1444 3138 bominibus,
1479 3045 1536 3144 qui
1556 3063 1684 3144 proptor
1707 3069 1811 3118 eorum
1836 3047 1904 3118 cul·

1135 3167 1212 3242 pont
1228 3151 1274 3219 od
1298 3167 1426 3218 osorton
1448 3145 1572 3238 fuerint
1583 3145 1757 3242 judicati,
1784 3147 1829 3218 Φ
1839 3171 1903 3322 po-

1865 3275 1903 3322 a.

260 3361 392 3435 <autent
417 3367 526 3414 aureos
558 3363 701 3434 centum,
737 3347 934 3419 medietatem
959 3353 1022 3419 Ca·
1139 3346 1219 3419 bet:
1255 3347 1329 3420 seu
1347 3346 1382 3416 in
1416 3345 1625 3432 testimonium
1650 3371 1712 3419 non
1746 3349 1903 3445 recipian-

260 3443 485 3532 tncrrssnolire,
522 3445 567 3514 θ’
591 3447 789 3518 medietatem
814 3449 930 3520 babeat
950 3469 1021 3546 pte·

258 3541 378 3614 uictum
406 3543 636 3632 Mouoflcriuut
661 3545 695 3616 in
717 3565 922 3642 perpetuum.
956 3555 1024 3622 Hoc

253 3641 377 3734 sobitum
403 3645 446 3733 est
474 3645 538 3738 sub
571 3647 626 3718 dit
652 3648 697 3718 Φ
721 3647 835 3740 Mense
860 3649 906 3719 <J
931 3651 1021 3722 ludi·

259 3741 358 3814 blioue
381 3745 526 3842 prodibis
550 3747 752 3836 duodecimo,
779 3755 808 3820 C
810 3749 928 3820 ivitate
944 3757 1020 3822 Cor·

259 3844 409 3938 aeliensi,
434 3845 531 3937 jutta
556 3847 787 3936 Mouasteriutu
804 3848 920 3921 sanilo
941 3855 1021 3923 Ma·

259 3944 325 4034 tie,
352 3951 434 4042 quod
458 3967 590 4020 utemur
614 3950 649 4019 in
675 3951 830 4044 Regula.

307 4049 476 4120 Odaiticus
491 4051 707 4122 subdiaconus
721 4053 766 4120 (9·
783 4047 904 4146 Miffut
922 4055 1020 4124 Doto·

1138 3467 1210 3536 tut,
1237 3471 1291 3518 nee
1316 3443 1399 3516 iuter
1422 3447 1575 3516 scabiosos
1599 3449 1644 3518 ad
1669 3455 1785 3546 Legent
1805 3448 1903 3542 judi.

1137 3548 1273 3618 condunt
1290 3547 1390 3618 locum
1409 3565 1558 3618 teneant.
1584 3545 1689 3618 Subse
1716 3572 1801 3620 uens
1820 3551 1901 3623 Lex

1139 3649 1273 3723 vat.
1300 3644 1488 3720 exordium
1514 3644 1582 3718 hoc
1609 3571 1779 3746 praebert.
1805 3649 1846 3720 si
1863 3677 1902 3721 a.

1137 3747 1215 3820 licui
1250 3747 1372 3818 bomini
1399 3745 1470 3844 posi
1500 3745 1658 3838 judiciuin
1695 3749 1903 3821 Stobiuoruto

1130 3847 1234 3939 fuerit
1256 3848 1333 3921 vita
1357 3843 1488 3944 connffa
1507 3847 1576 3920 &a
1603 3848 1785 3922 Habemus
1813 3875 1901 3950 ergo

1137 3947 1306 4024 Scabinos
1331 3947 1423 4024 olim
1450 3947 1492 4022 ad
1522 3947 1656 4066 judicia
1684 3949 1813 4048 Populi
1841 3951 1903 4026 ad.

1136 4047 1266 4142 leitos,
1291 4051 1327 4124 dt
1347 4049 1447 4124 tanti
1472 4049 1615 4148 quadem
1644 4047 1831 4144 facultate,
1859 4067 1901 4128 ut

259 4144 447 4222 niortonis
472 4151 673 4246 Imperatoris
689 4151 748 4224 bus
764 4151 953 4244 refutatione
970 4153 1020 4226 io·
1060 4175 1089 4248 E
1135 4177 1180 4224 ex
1207 4175 1329 4226 eorum
1365 4149 1501 4253 judicio
1522 4175 1622 4223 ‚mors
1653 4149 1829 4226 interdurn
1859 4179 1900 4228 ac

258 4247 354 4338 tetfisi
382 4253 425 4322 θ
444 4249 631 4348 subscripsi.

309 4354 353 4440 offis
378 4351 513 4448 Signum
554 4379 689 4452 magnus
722 4351 862 4452 prodibii
900 4355 1023 4430 Domni

256 4453 403 4524 Erardus
428 4460 562 4529 Comes.

309 4553 372 4626 Sed
401 4573 536 4652 praeter
570 4551 739 4630 habienus
765 4581 1019 4634 commemora·

253 4665 333 4744 tos,
371 4655 510 4756 propril
539 4657 780 4756 appellatione
796 4661 934 4752 Iudices
959 4687 1018 4762 ap·

255 4757 434 4856 pellatos,
471 4755 540 4830 fuir
576 4759 725 4834 alterum
760 4759 924 4852 judicum
960 4787 1017 4862 ge·

255 4875 344 4950 nus,
371 4858 435 4960 qui
461 4859 496 4931 δι
523 4857 586 4959 lpfi
613 4859 784 4954 Placitis,
815 4859 886 4936 five
919 4862 1017 4954 Judi·

253 4957 320 5034 ciis
347 4958 566 5051 intererant,
602 4961 636 5034 δι
665 4961 831 5062 potestate
857 4963 1015 5066 judican-

229 5057 291 5160 ¹di
316 5061 355 5140 in
382 5061 608 5142 Civitatibus
634 5061 858 5144 fruebantur.
884 5065 1017 5144 leobini

353 5171 443 5240 Tom.
470 5169 516 5240 ll.

1135 4251 1214 4326 vita
1238 4249 1427 4327 hominum
1464 4248 1652 4350 penderet.
1688 4251 1752 4325 Sed
1788 4253 1900 4352 quod.

1135 4377 1218 4476 nam
1255 4349 1387 4528 pupeso
1426 4349 1900 4528 dissdgegeggertoedebss

1133 4471 1247 4630 bilibri?
1278 4479 1559 4632 gicdobicillinllos
1585 4553 1682 4627 viros
1708 4463 1900 4652 rliolbiuilil:

1135 4653 1899 4759 Du·Cangiunt,Bignonium,Eecardunt,

1134 4757 1293 4858 aliosque
1328 4758 1512 4848 audimus,
1552 4756 1693 4833 Scabini
1729 4757 1898 4856 Affifforet

1132 4861 1314 4952 Comitum,
1355 4860 1532 4934 Auditotes
1574 4859 1734 4933 consituto
1781 4860 1900 4949 fuere,

1133 4987 1174 5035 ac
1201 4977 1384 5062 propterea
1411 4960 1521 5036 iidem
1548 4957 1612 5060 qui
1638 4985 1751 5058 nuper
1776 4956 1899 5030 lauda.

1132 5059 1165 5140 ti
1189 5061 1352 5154 Iudices.
1386 5064 1430 5138 lu
1456 5059 1685 5140 Chattuario
1714 5055 1896 5138 uesueasss

1256 5167 1286 5246 Ε
1709 5159 1860 5237 stow
