4594 6070
358 381 441 466 ῃ,
600 293 1141 440 'ncnc'cnnnrro
1200 343 1637 432 viveretne.
1789 377 1872 460 330

288 473 374 540 omni
400 488 533 564 tempore
552 468 597 540 θ
615 467 759 540 omnibus
781 466 919 564 perfirnir
938 468 1049 560 serva·
1074 464 1140 566 JA·
1168 491 1227 536 nae
1253 459 1408 546 Ecclefiac
1428 461 1556 554 parietis
1581 486 1639 532 voc
1658 460 1705 532 (θ’
1719 457 1795 554 filii
1811 459 1930 546 vestri.

288 591 343 654 re,
368 569 502 662 exceptis
524 569 662 666 publicis
686 569 888 658 latronibus,
916 569 960 638 Ο·
986 570 1049 640 ini·
1134 545 1141 676 Ι
1167 565 1255 638 Filii
1279 590 1353 638 vero
1380 567 1424 636 θ’
1444 561 1555 660 generi
1578 561 1698 651 veslti,
1732 563 1789 658 qni
1814 568 1933 634 Terret

288 669 379 741 micis
404 667 561 754 Ecclesiae
586 677 752 742 Romanae
778 671 821 740 C?
845 669 984 756 velleio.
1018 673 1050 742 l·

287 789 326 844 ta
359 791 465 844 temen
493 769 528 854 fi
554 769 691 860 formam
722 771 955 868 peregrinorum
989 797 1052 844 non

284 871 514 970 portaverint.
553 877 603 944 Et
629 892 771 970 treguam
792 871 904 966 jurare
930 873 975 943 0·
997 877 1048 946 ob·
1101 957 1103 962 ¹

282 973 416 1066 semme
438 971 645 1069 promisillic,
672 971 794 1060 stolii
819 994 975 1070 comparer
998 1001 1053 1046 ve·

281 1072 346 1162 jlri
365 1071 581 1166 juraverint,
607 1075 652 1144 ὅ
676 1071 935 1167 observaverim.
972 1083 1053 1148 Roc·

269 1201 357 1264 ·oam
390 1173 504 1269 senili
537 1176 695 1273 Stephani
728 1177 959 1262 custodiendam
994 1180 1053 1250 cla·

287 1300 357 1346 ntor
380 1277 570 1348 Scarlatano
604 1282 644 1348 cle
680 1276 882 1368 Rodicosano
918 1279 961 1348 θ
994 1287 1054 1348 Or·

287 1375 423 1448 landino
442 1377 543 1467 fratri
561 1378 640 1470 seco,
668 1379 712 1450 Θ
729 1379 821 1471 filiis
846 1379 979 1472 Belial.
1006 1383 1055 1450 Et

134 1491 141 1506 ’
280 1475 529 1570 Jifilelitottm
554 1479 643 1550 nobis
663 1479 915 1570 fecerint,“crcm
939 1499 1053 1575 expen-

280 1576 331 1666 fio
355 1577 468 1666 vestris
499 1601 556 1673 per
588 1580 725 1678 quinque
749 1579 909 1652 continuos
933 1605 1052 1651 annor.

287 1681 368 1752 Tali
401 1679 599 1772 conditione,
633 1681 717 1776 quod
744 1679 783 1765 sl.
810 1681 925 1778 aliqud
958 1683 1054 1752 cavel

288 1777 324 1850 in
342 1779 450 1865 sirete
474 1781 692 1876 offenderitis,
712 1782 758 1853 θ’
782 1781 869 1873 infra
894 1779 959 1854 olla
982 1783 1052 1854 dies

285 1877 430 1976 teqniliti
454 1907 517 1952 non
551 1883 819 1974 emenlevmitit,
854 1903 930 1960 tunc
959 1905 1051 1980 prae·

287 1981 452 2066 nominato
465 1990 580 2054 'Rocca
603 1983 720 2056 tenne·
735 1985 896 2080 Stephani
920 1983 955 2056 in
976 1983 1053 2078 jure

288 2084 334 2151 0·
357 2081 498 2152 dorriinio
532 2085 619 2156 beati
651 2085 744 2156 Petri
776 2087 917 2175 absolate
952 2113 1050 2157 rema·

287 2199 387 2254 neat.
412 2183 453 2252 se·
475 2209 553 2256 veto
577 2185 613 2256 in
637 2205 750 2281 tregue
774 2189 831 2258 vel
854 2209 962 2260 contro
985 2193 1048 2258 Ho-

279 2279 440 2375 spitelec,
466 2285 669 2380 Templares,
694 2286 853 2378 Clericus,
879 2291 1054 2360 Monachus
1089 2280 1120 2351 C

284 2381 505 2478 offinderitic,
532 2387 577 2456 0·
601 2387 689 2478 infra
713 2388 893 2484 quindecim
917 2389 987 2460 dies
1006 2416 1052 2460 re.

284 2479 397 2580 quilici
423 2511 484 2556 non
509 2489 776 2579 emendaveritis,
813 2509 889 2562 tuno
920 2511 1053 2586 praeno·

286 2583 415 2656 minore
439 2591 543 2660 Rocca
567 2588 686 2660 saeui
720 2590 879 2687 Stephani
913 2591 948 2660 in
978 2589 1055 2682 jure

287 2684 333 2756 θ’
356 2686 497 2758 dominio
520 2691 608 2762 beati
623 2690 723 2761 .Petri
739 2712 918 2764 remanent.
944 2693 1051 2763 Eccle-

280 2785 377 2878 βαι,
403 2788 563 2881 Clericot,
598 2792 772 2864 Monachus
804 2795 971 2865 de'Terra
995 2819 1052 2864 vc·

278 2888 353 2975 Jlra
378 2887 427 2959 ita
448 2889 602 2976 fovebitis
629 2893 674 2962 θ
693 2891 991 2982 servabitis,sicrct
1016 2923 1052 2966 a·

285 2987 328 3059 lii
353 2987 450 3074 nojlri
476 2990 606 3060 fideles
624 2991 704 3080 suos
732 2989 914 3080 Ecclestat,
949 2993 1053 3061 Cleri·

287 3086 393 3184 cosque
410 3087 486 3178 suec
511 3089 556 3158 Θ
580 3091 754 3162 Monachus
772 3089 929 3183 servant.
955 3091 1054 3162 Nulli

285 3189 355 3264 elii,
370 3187 426 3284 pio
452 3196 531 3262 Loco
555 3191 765 3284 concellionenr
800 3189 891 3278 illam
919 3191 954 3288 in
977 3213 1055 3287 par-

286 3309 351 3362 tem
373 3292 430 3362 cel
456 3291 492 3362 in
517 3313 617 3368 torreor
650 3293 774 3366 dabitis
806 3293 862 3364 vel
896 3291 1054 3368 alienati.

285 3393 353 3484 tit,
384 3419 440 3464 nec
463 3394 564 3466 alicui
577 3395 726 3491 personae
742 3395 887 3468 vendetis
901 3395 959 3488 fior
977 3395 1055 3468 alie-

287 3494 410 3568 nabitis
420 3547 431 3584 ,
442 3495 638 3592 priusquam.
650 3502 772 3568 Damno
786 3503 917 3592 Papae,
932 3497 989 3593 qvi
999 3519 1059 3592 pro

286 3615 423 3688 tempore
439 3595 564 3688 fcerit,
591 3599 636 3670 θ
653 3597 791 3671 Stellae
810 3607 975 3672 Romanae
992 3603 1056 3670 Ec·

186 3749 191 3755 ,
287 3697 417 3786 cleliac,
446 3696 534 3790 justo
568 3699 720 3772 videlicet
750 3701 854 3796 pretio
888 3701 1057 3772 minuendo

277 3797 322 3884 ⁴in
347 3797 509 3890 duodecim
533 3801 677 3873 denariis
699 3824 758 3896 pro
783 3827 971 3899 unaquaque
993 3803 1052 3874 Li·

287 3901 364 3972 bra.
392 3901 490 3992 Quod
507 3897 542 3984 st
565 3929 662 3973 emere
687 3904 732 3974 Φ
755 3904 981 3976 alienationem
1002 3903 1051 4000 ip·

281 3999 354 4096 sam
379 4001 511 4096 recipere
545 4003 705 4094 noluerit„
739 4005 862 4079 dabitis
886 4005 917 4076 ei
935 4005 1059 4102 supta·'

1168 667 1279 764 ipsos,
1302 687 1468 762 partemve
1492 689 1599 736 earum
1623 665 1793 752 tenebunt,
1818 664 1930 752 nobis,

1167 767 1336 863 nollrisque
1360 765 1522 838 catholicis
1543 759 1764 858 Succefforibvs
1778 761 1931 854 fidelita-

1166 890 1230 942 tem
1255 871 1298 940 0
1334 869 1532 956 hominium,
1563 891 1713 962 guerram
1747 864 1792 934 (θ’
1820 883 1931 960 pacem

1166 973 1213 1044 acl
1229 975 1415 1044 mandatnm
1433 969 1589 1057 nrrjlrom,
1607 965 1834 1060 nrrjlrorumque
1850 969 1930 1036 Soc.

1166 1068 1308 1166 collorum
1321 1063 1476 1162 facient&
1500 1089 1664 1166 tregam,
1683 1065 1844 1154 stratam,
1865 1069 1930 1136 Ec·

1165 1172 1300 1263 cleliat,
1327 1171 1529 1266 Hospitales,
1549 1171 1753 1264 Templorcs,
1770 1163 1929 1257 Clericor,

1166 1276 1213 1346 θ
1237 1275 1408 1346 Monacbor
1430 1273 1465 1362 [r
1491 1299 1551 1344 non
1577 1269 1731 1366 offendam
1748 1265 1928 1360 jurabunt.
2039 1325 2042 1335 .

1093 1364 1124 1435 Β
1164 1377 1327 1474 Alioquin
1346 1374 1381 1458 fi
1403 1374 1460 1471 qvi
1493 1373 1542 1446 ita
1577 1398 1638 1442 non
1667 1369 1826 1462 fecerint,
1854 1366 1931 1452 sive

1164 1479 1243 1574 quid
1268 1479 1423 1550 adverslcr
1448 1503 1485 1548 ca
1505 1473 1639 1564 fecerint
1662 1475 1687 1542 d
1708 1470 1783 1563 iure
1807 1467 1929 1557 nostrae

1164 1579 1356 1672 cenceffionir
1380 1575 1517 1672 ricpertec
1535 1578 1759 1646 remanebunt.
1783 1575 1852 1642 Noc
1869 1595 1930 1643 ott·

1165 1700 1228 1750 tem
1254 1680 1299 1750 (9'
1324 1677 1420 1768 nollri
1444 1671 1627 1769 Succelloree
1650 1672 1827 1763 'delineret
1855 1691 1930 1767 pro-

1167 1779 1320 1852 mrttimrcc
1332 1808 1334 1812 ·
1347 1781 1391 1852 ab
1411 1779 1499 1850 omni
1519 1771 1665 1866 homine,
1684 1767 1843 1866 lineccss'e
1856 1771 1931 1862 scre·

1165 1883 1238 1970 rit,
1259 1875 1594 1972 secvndlcm'officirrm
1618 1875 1774 1961 nclitum.

1217 1983 1394 2056 Britonorii
1419 1982 1594 2071 Castrum,
1619 2001 1714 2050 nunc
1738 1973 1930 2076 Episcopo·

1163 2084 1193 2158 li
1219 2082 1400 2158 Catbedrc
1419 2089 1612 2170 ornatum,
1635 2077 1655 2152 s
1693 2076 1812 2152 stabnt
1835 2075 1929 2151 olim

1164 2185 1207 2259 ad
1251 2189 1492 2260 Ravennatem
1535 2182 1639 2254 Eccle
1668 2205 1754 2254 cm.
1792 2179 1929 2252 Verum

1165 2288 1222 2359 vel
1249 2283 1330 2376 iniis
1356 2283 1515 2382 antiquis
1541 2281 1766 2376 temporibus
1789 2277 1931 2352 Comiter

1163 2386 1317 2478 habuit,
1352 2384 1481 2485 quibus
1515 2382 1759 2459 investituram
1786 2384 1928 2456 Raven-

1162 2508 1263 2563 nates
1302 2483 1575 2586 Accbiepiscopi
1620 2482 1840 2568 tradebant,
1885 2495 1929 2556 ut

1162 2589 1295 2664 constat
1320 2615 1365 2662 erc
1393 2585 1573 2684 postremis
1608 2583 1751 2658 tabulis·
1777 2583 1930 2681 Hugonic

1161 2691 1297 2764 Comitis
1322 2688 1428 2778 Callri
1453 2686 1657 2777 Britonorii,
1682 2681 1824 2784 scriptis
1848 2689 1928 2760 An·

1161 2818 1209 2866 no
1240 2815 1349 2890 10c9.
1385 2815 1471 2890 quas
1496 2786 1681 2888 evulgavit
1719 2788 1861 2862 Rubcuc
1886 2785 1926 2860 in

1162 2892 1319 2969 Historia
1348 2897 1506 2968 Ravenn.
1541 2891 1775 2966 Perrexecunt
1799 2887 1928 2964 Comi·

1162 3013 1215 3067 tec
1241 2993 1322 3068 illic
1348 2991 1552 3092 dominari3
1579 2991 1709 3092 quibus
1734 2997 1821 3066 verb
1842 3015 1928 3068 con·

1161 3091 1362 3164 ditionibus
1396 3096 1569 3166 collatum
1609 3092 1720 3168 fuerit
1752 3090 1927 3190 ejusmodi

1091 3181 1124 3247 D
1162 3189 1344 3282 Feudum,
1376 3217 1449 3265 non
1475 3194 1655 3290 ingreium
1684 3191 1830 3266 Lestori
1856 3195 1927 3272 erit

1162 3289 1315 3368 ediscere
1341 3294 1362 3364 ὲ
1387 3290 1550 3380 Charta,
1579 3291 1678 3392 cujus
1705 3293 1846 3369 Rubeus
1871 3295 1928 3392 ip·

1161 3391 1197 3468 se
1236 3391 1456 3468 mentionem
1499 3389 1616 3481 iecit,
1655 3393 1690 3464 &
1731 3417 1837 3489 quom
1878 3417 1925 3471 ex

1162 3492 1468 3594 Chartophylocio
1496 3492 1714 3568 Ravennatis
1734 3492 1927 3594 Archiepi.

1162 3595 1275 3694 scopii
1310 3595 1520 3696 descriptum
1557 3593 1811 3673 mibi·nbtulit
1836 3595 1927 3678 ami·

1163 3697 1319 3776 ciffimus
1344 3696 1560 3774 Gberocdius
1586 3723 1706 3772 meus.
1734 3700 1857 3798 Atque
1880 3721 1927 3785 ex

1163 3801 1219 3878 hio
1253 3804 1369 3876 lucem
1397 3797 1597 3919 accipient,
1632 3823 1722 3898 quoe
1748 3801 1928 3884 Boncnm.

1164 3920 1297 4004 pugnus
1331 3899 1442 3977 tradit
1477 3925 1516 3976 tn
1551 3898 1666 3976 Libro
1694 3904 1736 3972 rle
1759 3899 1928 3982 oblidione

1163 4013 1352 4095 Anconae,
1393 4007 1514 4078 Tomo
1550 4005 1615 4076 vl.
1652 4005 1733 4079 Ret.
1769 4001 1927 4078 Italicae.

279 4098 435 4200 scripturn
460 4117 675 4199 commodum,
703 4107 746 4178 (J
771 4107 919 4178 vendetis
937 4107 995 4199 seer
1013 4134 1048 4178 a·
1093 4113 1124 4182 E
1162 4107 1208 4181 de
1233 4101 1397 4199 Comitiffa
1421 4108 1461 4178 ele
1486 4103 1690 4194 Bretenotio,
1716 4102 1859 4204 ejusque
1885 4131 1925 4180 u·

286 4203 451 4278 lienabitic
475 4207 539 4279 tali
560 4207 735 4306 personae,
761 4233 842 4306 qnae
866 4207 956 4282 nobie
977 4209 1049 4306 pla·

285 4327 372 4396 crat,
402 4306 475 4390 fine
508 4308 666 4397 malitia,·
696 4309 793 4401 [alvo
825 4309 948 4405 semper
975 4309 1052 4405 jure

286 4412 331 4480 θ
354 4409 495 4480 dominio
519 4411 607 4484 beati
630 4411 723 4482 Petri
748 4415 792 4482 (θ’
816 4409 953 4484 Sanilae
981 4421 1048 4484 Ro·

284 4535 398 4583 manae
424 4511 598 4597 Ecclesiae.
623 4517 777 4585 Gucttam
803 4513 849 4584 θ’
871 4535 977 4610 pacem
992 4536 1050 4610 per

278 4613 428 4710 personat
451 4614 573 4702 nnllrac
598 4614 641 4684 Θ
662 4611 840 4710 praediilat
863 4623 980 4688 Terras
1005 4617 1052 4687 orl

285 4716 472 4790 mandatam
497 4715 641 4791 Romani
663 4713 833 4810 Pontificio
858 4717 903 4790 θ
927 4725 1047 4792 Romo·

1164 4207 1251 4284 nico
1277 4205 1397 4296 Filio,
1423 4233 1463 4282 uc
1488 4202 1651 4292 diffinio,
1677 4231 1766 4304 quoe
1791 4207 1840 4281 ob
1857 4204 1927 4280 hoc

1165 4308 1261 4384 idem
1288 4305 1446 4384 Castrum
1477 4309 1603 4382 obortu
1639 4303 1717 4382 suut
1753 4305 1849 4385 intec
1874 4309 1928 4380 A.

1164 4410 1373 4486 lexundrum
1402 4413 1469 4484 111.
1495 4413 1625 4510 Papum
1644 4411 1679 4482 δι
1707 4407 1927 4490 fridericum

1165 4516 1193 4588 1.
1230 4512 1427 4614 Augustum
1464 4509 1537 4612 post
1573 4537 1694 4610 pacem
1730 4515 1928 4590 Venetam.

1164 4618 1221 4690 En
1246 4620 1333 4728 verb
1357 4613 1528 4691 Chartam
1555 4611 1690 4716 ipsum.
