4570 6096
352 327 403 388 ar
698 297 1544 397 ninnnnTATIoNoNatr·
1799 343 1854 404 τι

289 433 510 514 numeraret,
527 447 569 496 an
585 422 703 524 potius
723 427 765 500 ad
785 423 909 528 jussui
930 451 1046 499 mune·
1087 427 1117 498 A
1154 424 1424 498 DCCCXLIV.
1445 429 1579 500 Romae
1599 421 1785 520 interfuit,
1800 454 1911 526 quum

291 517 340 591 ris
360 521 510 624 spellere
529 527 664 601 Silvam
684 529 784 603 illam
801 529 961 602 Goradue
979 531 1048 602 Co·
1152 525 1190 597 in
1219 528 1350 623 Regem
1386 526 1512 602 ltaliae
1551 527 1717 604 inuuilus
1743 531 1790 604 ell
1815 533 1912 608 idem

291 649 365 700 mes
385 627 631 702 contenderet.
647 629 771 704 Prodit
786 648 901 704 autern
918 625 1050 702 Charta
1153 623 1357 700 Ludovicus
1384 629 1431 699 11.
1457 627 1625 703 Lotharii
1652 633 1680 703 Ι.
1705 627 1824 725 filius,
1872 661 1912 708 o.

290 725 378 816 ista,
405 725 537 828 insigne
563 727 815 804 Monniletium
842 729 959 804 sanni
987 731 1046 803 Ze·
1153 725 1218 802 stra
1244 729 1460 826 Imperator.
1481 727 1559 802 Post
1576 731 1728 827 Aglaum
1746 739 1829 808 vern
1848 661 1913 810 ila.

293 829 398 902 nonis
426 830 463 902 in
491 834 733 922 commendam,
754 849 794 904 ut
813 857 906 904 nunc
925 831 1047 930 ajunt,
1153 826 1301 901 tuendus
1328 825 1374 901 est
1398 831 1499 902 Audo
1524 831 1712 930 Episcopus.
1734 838 1782 908 Et
1800 862 1910 932 quum

291 929 392 1004 luiss'e
419 933 613 1004 concellum
640 934 786 1006 Raraldo
811 933 963 1030 Episcopo
993 938 1046 1004 Va·
1153 929 1418 1028 inDiplomnte
1447 957 1507 1029 per
1530 931 1675 1006 eundem
1703 935 1912 1034 Ughellium

290 1030 432 1120 rouenfi,
460 1057 522 1130 pro
545 1059 641 1107 more
661 1033 806 1108 illorum
826 1053 1049 1136 temporum,
1153 1032 1341 1130 evulgato,
1369 1030 1430 1104 ubi
1456 1036 1557 1104 Audo
1582 1037 1738 1130 quondam
1758 1041 1913 1110 Veronen-

292 1156 323 1208 a·
339 1132 519 1208 Lotha'rio'
540 1137 568 1206 1.
593 1135 776 1236 Augusto;
803 1138 838 1209 8<
865 1161 975 1234 quum
1001 1133 1045 1208 la·
1145 1131 1194 1217 sts
1218 1130 1392 1231 Episcopus
1416 1132 1644 1226 nominatur,
1669 1161 1790 1210 reuera
1817 1139 1911 1237 lega.

294 1233 342 1308 tis
369 1255 485 1332 aperte
512 1234 596 1310 hine
622 1236 746 1310 deduci
774 1234 900 1337 poffit,
935 1233 1049 1336 ipsum
1153 1234 1419 1306 tornodooiuu
1443 1236 1568 1306 Mundi
1597 1241 1768 1332 Imperator
1791 1245 1913 1335 Augu·

294 1335 482 1411 Rataldum
503 1357 589 1412 tuuc
614 1336 652 1411 in
679 1338 772 1412 uiuis
792 1337 912 1428 fuiffe,
933 1337 1048 1435 proin·
1088 1345 1114 1414 Β
1145 1335 1238 1424 stus,
1266 1333 1435 1434 Diploma
1462 1335 1552 1408 illud
1584 1333 1831 1434 suppositionis
1858 1367 1913 1414 ar.

294 1437 338 1510 de
377 1437 591 1512 emendanda
631 1439 773 1514 videtur
806 1437 1050 1538 Chronologia
1153 1459 1257 1534 guero
1284 1433 1474 1532 unicuique
1501 1435 1551 1508 ias
1577 1436 1646 1510 est:
1678 1437 1734 1512 sed
1761 1438 1911 1516 surtaffie

293 1536 549 1636 Episcoporum
586 1538 838 1616 Veronensrum
873 1539 964 1638 apud
1003 1543 1047 1610 U·
1154 1535 1258 1608 aliter
1280 1533 1466 1616 secharea
1485 1534 1632 1629 habeat,
1651 1541 1686 1610 δι
1706 1565 1914 1638 germanum

293 1637 466 1738 ghellium
493 1643 619 1714 Tomo.
634 1647 679 1713 V.
700 1641 825 1714 Italiae
844 1643 984 1714 Sacrae.
1004 1640 1048 1710 ll·
1153 1633 1195 1708 fit
1217 1634 1308 1708 illud
1332 1654 1624 1726 monumentum,
1644 1639 1737 1736 quo-d
1757 1638 1915 1716 emiserit

294 1743 329 1814 le
356 1742 451 1814 enim
471 1739 616 1815 statuere
636 1742 775 1824 ridetur
796 1741 936 1814 Rataldi
960 1765 1048 1812 mor·
1155 1735 1360 1812 Ludouieus
1395 1739 1443 1809 ll.
1478 1737 1651 1836 Augullus
1689 1737 1760 1822 post
1790 1741 1916 1815 Audo-

295 1858 392 1930 tem,
419 1867 523 1938 quem
544 1844 720 1912 Rotuldum
739 1844 769 1914 is
788 1844 964 1941 appellat,
986 1839 1048 1911 cir·
1156 1837 1211 1910 nis
1239 1857 1411 1910 mortem.
1441 1837 1501 1910 Ad
1528 1864 1601 1912 rem
1627 1839 1776 1914 nostram
1802 1868 1918 1943 regre-

294 1939 384 2016 eiter
409 1944 554 2016 Annum
598 1943 813 2016 Dcccxx.
840 1941 897 2016 eui
925 1939 1049 2014 sueces-
1156 1937 1317 2012 diamur.
1345 1937 1443 2012 Silua
1469 1937 1596 2014 ostilia
1624 1939 1854 2040 ampliffimus
1881 1969 1920 2016 a.

294 2041 366 2116 lille
392 2042 444 2116 ait
469 2046 639 2116 aurdanau
657 2045 864 2140 Episcopum.
884 2047 981 2117 Tum
1001 2069 1050 2116 re·
1156 2065 1216 2139 ger
1242 2037 1333 2126 fuit,
1368 2063 1481 2137 neque
1507 2041 1644 2140 integra
1671 2043 1714 2115 ad
1740 2043 1918 2118 Monaste·

296 2141 365 2216 lert
402 2141 586 2242 postremas
621 2145 758 2218 tabulas
799 2143 949 2240 ejusdem
978 2147 1052 2216 Au·
1128 2141 1250 2224 {rium
1272 2138 1471 2214 Veronense
1490 2141 1608 2216 Sanni
1629 2143 1782 2218 Zenonis
1809 2143 1928 2242 pertin

295 2241 399 2320 donis
424 2250 527 2316 Auno
551 2249 779 2316 Dcccxxx.
798 2245 960 2340 scriotor,
997 2244 1053 2314 im·
1091 2240 1122 2311 C
1160 2240 1290 2331 nebat,
1326 2267 1434 2338 quum
1473 2244 1766 2318 Nonantulanum
1800 2245 1920 2320 Muti·

293 2363 426 2443 perante
460 2346 623 2430 Ludooiro
655 2345 744 2432 Pio;
775 2363 885 2440 atque
911 2343 952 2419 od
981 2345 1054 2416 An·
1160 2339 1263 2416 nense
1289 2341 1545 2414 Monailerium
1574 2342 1628 2416 ibi
1656 2369 1796 2441 quoque
1823 2343 1920 2420 suam

225 2502 241 2534 χ
298 2471 382 2520 num
412 2448 628 2520 DCCCKL.
654 2447 789 2520 alterum
815 2446 992 2516 Roraldum
1018 2443 1055 2518 in
1163 2441 1364 2540 portionem
1403 2439 1613 2544 pollideret.
1653 2443 1771 2518 Testes
1809 2443 1927 2520 habeo

299 2549 512 2645 Catologum
555 2544 806 2620 Veronenfium
843 2543 1057 2620 Antistitum
1163 2541 1250 2615 alias
1278 2542 1440 2632 tabulas,
1476 2567 1563 2640 quaa
1593 2547 1612 2616 ὲ
1649 2543 1922 2622 ferrarienfibuo

300 2645 573 2722 internuntio
590 2673 633 2722 ex
652 2647 857 2745 Diplomate
871 2671 964 2720 nunc
980 2671 1057 2745 pro·
1164 2643 1383 2742 pergamenis
1423 2642 1535 2718 hausit
1570 2641 1752 2744 singularis
1786 2650 1924 2724 amicus

300 2747 408 2822 dublo
434 2747 586 2824 constare
606 2748 736 2848 potest,
759 2749 952 2822 Radaldum
973 2746 1056 2844 Epi·
1164 2769 1291 2836 meus,
1327 2743 1416 2818 alibi
1453 2743 1646 2833 laudatus,
1684 2745 1809 2844 Josepli
1845 2752 1925 2822 An·

299 2847 441 2942 scopum
470 2849 580 2924 adhue
606 2848 757 2924 lloruilie
777 2853 887 2924 Auno
909 2851 1056 2924 DCCC·
1164 2861 1266 2918 tenor
1310 2843 1547 2920 Scalabrinius
1586 2845 1717 2922 Reilor
1750 2847 1926 2926 Ecclefiae

301 2953 470 3026 xxxin.
508 2955 632 3046 Neque
668 2953 761 3024 ullus
800 2951 966 3026 Rataldus
1001 2953 1058 3024 Se·
1165 2943 1388 3020 Ferrarienlis
1423 2946 1569 3024 SanElae
1600 2947 1739 3024 Mariae
1765 2949 1809 3024 de
1834 2952 1927 3026 Bue-

299 3051 432 3126 eundus
457 3051 711 3149 excogitandos
747 3069 849 3143 erat,
885 3076 993 3148 quum
1021 3077 1054 3124 u·
1165 3073 1234 3120 ca.
1268 3050 1324 3120 Ex
1360 3046 1407 3122 iia
1441 3047 1711 3149 intelligimus,
1743 3051 1790 3124 ob
1826 3050 1926 3126 illam

301 3178 366 3226 nus
393 3169 474 3224 ante
501 3152 689 3224 Audonem
717 3154 953 3224 Veronenl'em
993 3156 1057 3224 Ec·
1099 3155 1130 3221 D
1164 3173 1305 3246 quoque
1331 3145 1532 3248 portionem
1555 3151 1599 3222 ab
1618 3151 1781 3248 Huepoldo
1805 3153 1927 3225 Comire

300 3250 439 3326 elefiam
466 3249 619 3339 rexerit,
654 3250 710 3324 uti
738 3249 932 3324 Panuinius
966 3273 1059 3348 egre·
1168 3248 1331 3332 Veroueufi
1349 3247 1543 3324 molestiam
1566 3251 1705 3324 illatam
1725 3249 1824 3326 fuisse
1844 3256 1928 3326 Mo·

301 3352 361 3452 gie
397 3350 717 3426 animadverterat.
755 3351 909 3430 Fallitur
944 3369 1061 3423 autem
1166 3344 1927 3428 nachisNonantulanisAnnoDCCCllX.

304 3451 522 3554 Ughellius,
548 3449 791 3526 testamentum
819 3449 984 3526 Audonis
1010 3477 1061 3524 rea
1168 3447 1301 3518 Verium
1330 3446 1498 3521 Ratoldus
1524 3447 1619 3521 idem
1647 3451 1854 3526 Veroneofis
1881 3457 1929 3526 E.

304 3553 416 3629 ierens
432 3553 474 3628 od
489 3572 646 3650 tempora
663 3551 915 3628 LudouiciPii
927 3605 937 3640 ,
951 3576 1061 3649 quum
1168 3544 1350 3648 piscopus,
1377 3545 1588 3622 auiloritate
1610 3551 1629 3620 a
1650 3548 1840 3626 Ludouico
1861 3551 1928 3629 Pio

305 3653 472 3756 seriptum
509 3653 616 3729 luerit
652 3656 824 3751 imperante
848 3653 983 3726 Domino
1009 3679 1061 3724 uo-
1118 3629 1326 3749 ''Augusto
1349 3649 1512 3747 accepti,
1532 3647 1586 3722 uti
1606 3649 1759 3750 ejusdem
1779 3653 1928 3746 Minus,

294 3759 362 3846 stro
388 3755 566 3828 Hludour'oa
591 3782 705 3850 magno
730 3760 937 3852 imperatore,
962 3761 1064 3828 Auno
1168 3747 1352 3824 Comitem
1379 3747 1422 3823 ad
1443 3747 1619 3824 Placitum
1640 3749 1812 3844 adduxit,
1831 3779 1930 3830 eum·
2054 3803 2056 3806 -

306 3863 366 3932 XI.
396 3859 457 3950 sub
490 3858 544 3928 die
579 3862 650 3931 XV.
684 3855 855 3952 Augusti,
891 3854 1065 3928 ludifiioue
1170 3877 1238 3949 que
1263 3848 1360 3926 filere
1386 3849 1502 3952 justit.
1522 3852 1720 3951 xEgregium
1739 3853 1785 3928 ell
1804 3881 1930 3930 monu-

306 3963 399 4034 ΠΗ.
419 3975 525 4056 atque
551 3957 637 4032 adeo
656 3957 747 4032 illud
767 3955 897 4056 spellet
916 3953 957 4029 ad
975 3971 1063 4028 tem·
1171 3969 1330 4026 mentum
1350 4006 1362 4043 ,
1402 3977 1513 4050 quum
1547 3951 1718 4050 superiori
1753 3953 1929 4036 adnexum

301 4085 387 4161 pora
413 4056 593 4136 Ludouici
620 4061 666 4132 11.
694 4055 942 4156 Imperatoris,
969 4053 1061 4132 scili·
1109 4051 1137 4120 E
1171 4049 1310 4126 fortasse
1337 4049 1458 4127 seriem
1486 4050 1626 4150 aliquot
1652 4053 1839 4130 Comitum
1860 4062 1931 4132 Ve-

306 4179 364 4238 eet
390 4160 433 4234 ad
459 4164 607 4234 Annum
635 4161 905 4236 ncccnxm
923 4175 1061 4258 propte·
1171 4151 1368 4228 ronenlium
1394 4151 1498 4228 nobis
1523 4151 1710 4245 exhibeat,
1734 4181 1774 4230 ac
1798 4177 1932 4257 praete.

304 4266 365 4337 rea
391 4261 532 4349 uideas,
569 4259 641 4361 post
675 4262 857 4336 Raralduur
881 4257 1061 4360 praefuisse
1173 4281 1230 4330 rea
1252 4257 1422 4328 Andrum
1441 4255 1639 4328 Victorinum
1657 4257 1867 4353 Episcopum,
1887 4259 1930 4335 ab

300 4361 499 4449 ,Veronenli
526 4359 698 4438 Ecclefiae
722 4364 894 4462 Agiuuer,
919 4360 983 4462 qui
1009 4362 1059 4433 A·
1175 4354 1345 4456 Ughellio
1371 4353 1411 4428 in
1438 4355 1543 4430 Italia
1578 4360 1679 4430 Sacra
1715 4357 1933 4456 praetermis·

309 4461 450 4538 nallafio
494 4463 775 4544 Bibliotheeario
825 4465 907 4542 telle
950 4466 1061 4536 Anno
1175 4455 1272 4540 sum,
1298 4456 1396 4529 uitae
1422 4455 1579 4534 nominis
1604 4455 1779 4530 restituat.
