4592 6066
339 437 423 522 4¹3

629 403 1068 498 orestusasro
1114 397 1544 493 ouooscrma.
1750 381 1838 520 'eft

281 521 317 596 in
343 531 463 613 uana,
489 546 568 622 quae
591 526 767 622 rejacet-in
792 525 922 618 Castro,
956 529 1038 624 quad
1072 529 1107 601 A
1142 524 1225 596 tione
1259 521 1392 603 Domini
1427 521 1521 608 nnllri
1541 561 1545 570 ·
1546 525 1577 612 J
1578 519 1628 612 esu'
1657 520 1776 610 Cbrilli
1809 529 1902 596 MC*

284 628 541 716 anennoeto,
562 627 660 720 juxta
684 627 814 700 Turrim
832 627 952 701 Domni
971 633 1035 702 Pa·

279 745 365 819 pete:
389 728 433 800 Θ·
449 728 544 800 habre
560 727 664 820 finem
682 732 725 802 ab
745 754 811 801 nna
832 749 923 826 parte
943 749 1036 825 prae·

283 825 403 900 eliciam
427 829 578 919 Turrim,
602 836 625 901 ἃ
645 829 783 922 secunda
801 830 917 923 Casum
938 837 1033 902 Done-

282 926 414 1017 nicam,
447 931 470 998 d
495 931 590 1002 tertia
615 932 717 1028 ripam
744 928 880 1025 ejusdem
905 931 1012 1019 Callri
1024 985 1035 1021 ,

282 1029 445 1123 dquarta
476 1037 551 1101 ueri
587 1032 679 1105 Viam
709 1033 892 1129 publicam.
927 1037 976 1104 Et
1002 1032 1036 1102 in

284 1128 475 1202 Molendino
500 1132 544 1201 Θ·
578 1131 614 1202 in
640 1138 764 1224 Horta,
798 1159 877 1230 quae
902 1132 1038 1226 rejacent

286 1227 322 1300 in
347 1229 435 1320 loeo,
465 1232 521 1326 qui
544 1253 675 1306 vetatur
704 1235 793 1306 Vada
816 1235 869 1304 rlel
893 1235 1036 1308 Pinarel·

285 1331 317 1402 lo
329 1356 351 1416 ‚·
376 1330 419 1400 θ
443 1331 560 1404 habent
583 1333 688 1425 finem
712 1338 755 1409 ab
781 1361 848 1407 una
877 1356 970 1432 parte
995 1335 1036 1404 ri·

1142 627 1265 700 LVIII.
1291 622 1476 720 temporibus
1510 623 1630 696 Domni
1654 624 1805 698 Adriani
1837 629 1897 699 ΙΙΙ.

1143 733 1274 823 Papae,
1308 732 1411 799 Anno
1444 721 1513 819 ejus
1546 727 1603 796 IV.
1631 721 1749 816 Mense
1773 726 1897 819 Julio,

1144 825 1320 902 Iudiiliorre
1345 829 1401 900 Vl.

1196 931 1241 1018 tlt
1267 929 1371 1025 Signa
1395 951 1545 1000 manuum
1569 926 1658 1000 odda
1682 926 1723 998 tle
1746 926 1876 1018 Insula.

1196 1029 1412 1122 Guisearlus:
1436 1027 1609 1102 Canterius
1625 1024 1724 1120 filius
1747 1030 1903 1121 quondam

1147 1129 1263 1202 Leonis
1295 1131 1336 1201 de
1369 1130 1457 1200 Cella
1465 1155 1481 1198 .·
1515 1129 1668 1201 Nicolaus
1703 1127 1904 1200 Mancinus:

1147 1237 1210 1302 Leo
1230 1235 1395 1318 Vitanus;
1412 1230 1448 1300 bi
1462 1255 1564 1300 omnes
1582 1229 1686 1326 rogati
1697 1228 1777 1320 sunt
1793 1227 1904 1315 selles.

1197 1333 1276 1430 Ego
1293 1331 1466 1420 Iohannes
1484 1327 1621 1404 sanctae
1641 1333 1820 1402 Romanae
1839 1333 1908 1402 Ec·

282 1451 361 1528 pum
383 1431 543 1526 praediili
576 1435 701 1524 Casiri,
736 1441 759 1506 t
786 1436 926 1525 secunda
957 1442 1038 1504 Hos·
1079 1439 1108 1510 B
1148 1430 1269 1502 clefiae
1306 1432 1477 1504 Notarius
1507 1433 1587 1503 barre
1611 1431 1802 1502 chartulam
1826 1429 1908 1523 stri·

285 1553 376 1616 tum,
403 1531 459 1624 qui
482 1531 601 1604 dieitur
625 1529 682 1627 effe
699 1532 844 1622 filiorum
869 1532 1042 1629 Offiedutii

286 1633 326 1702 tle
348 1628 483 1720 Cuius,
509 1636 531 1702 ὸ
556 1631 652 1704 tertia
669 1632 820 1726 flumenp
843 1635 927 1728 qued
950 1659 1042 1706 uoca-
1076 1657 1079 1662 ·

287 1749 343 1800 terr
367 1727 548 1822 Biemann,
581 1737 744 1828 aquanta
768 1739 842 1805 uem
870 1734 961 1806 Viam
983 1757 1040 1831 pu·

1145 1529 1196 1626 pst
1222 1531 1266 1600 θ
1291 1531 1366 1602 bene
1390 1529 1564 1625 complevi.
1934 1573 1937 1580 -

1200 1629 1260 1704 Ad
1296 1629 1380 1703 haec
1415 1629 1454 1702 iu
1489 1625 1625 1703 Codice
1662 1625 1909 1704 Theodosiana

1150 1729 1235 1807 Lib.
1255 1733 1358 1804 v111.
1383 1731 1463 1804 Tit.
1491 1726 1519 1803 1.
1544 1731 1570 1804 Ι.
1598 1733 1678 1803 XV.
1703 1733 1739 1804 δι
1765 1729 1911 1829 sequen.

286 1829 427 1903 blicam.
466 1836 516 1902 Et
550 1832 584 1903 in
621 1834 731 1905 Vincis
746 1877 764 1924 ‚s
797 1859 876 1930 quae
909 1834 1046 1926 rejacent
1151 1832 1209 1921 ti,
1239 1830 1357 1929 agitur
1380 1833 1420 1902 de
1444 1829 1658 1919 scriniariis,
1693 1829 1756 1930 qui
1781 1855 1913 1929 nempe

288 1931 326 2003 in
352 1931 445 2002 Valle
463 1939 613 2022 Revera,
639 1961 704 2006 una
731 1959 862 2032 quarum
887 1935 980 2008 babet
998 1935 1044 2026 fi·
1154 1931 1299 2006 Scriniis
1334 1928 1393 2004 seu
1428 1929 1599 2004 Archivis
1637 1927 1913 2031 Magistratuum

288 2057 359 2105 nem
382 2034 426 2104 ab
458 2058 525 2104 una
555 2052 647 2130 parte
682 2035 834 2126 Vineam,
869 2061 949 2133 quae
977 2036 1047 2126 suls
1154 2047 1359 2133 praeerant,
1386 2055 1578 2130 eorumque
1603 2031 1760 2106 tationes
1794 2031 1911 2106 literis

282 2131 447 2223 Jsbannis
472 2133 645 2224 lidieonis,
680 2138 702 2206 a
721 2135 858 2227 secunda
893 2137 1046 2226 Vineam,
1154 2129 1421 2230 confignabant.
1447 2131 1505 2204 Est
1530 2134 1566 2206 dc
1592 2130 1630 2206 iu
1650 2133 1786 2208 Codice
1810 2132 1915 2223 Justi.

289 2257 370 2327 qaae
389 2231 458 2321 fuit
480 2235 598 2323 Kiere,
623 2238 645 2304 a
669 2236 765 2308 sertia
792 2239 943 2326 Vineam,
970 2263 1048 2332 quae
1156 2232 1284 2308 nianeo
1318 2231 1474 2332 ipsorum
1502 2232 1664 2308 mentio:
1701 2259 1814 2330 neque
1849 2233 1915 2308 du.

287 2331 355 2422 fisis
372 2335 412 2402 de
430 2333 612 2429 Rapelino‚
629 2337 652 2405 ui
670 2355 783 2432 quarta
800 2339 1047 2427 venusinam,
1088 2335 1119 2408 C
1156 2332 1254 2406 bium
1282 2331 1353 2424 est,
1388 2336 1476 2430 quin
1502 2349 1588 2407 tunc
1613 2333 1759 2407 illorum
1785 2359 1914 2428 munuc

290 2457 370 2528 quae
388 2432 460 2522 suit
482 2433 597 2505 saeua·
617 2437 802 2508 saluatoris
826 2439 866 2510 de
890 2444 1047 2511 Lontane·

290 2552 348 2604 to.
382 2533 503 2605 Altera
523 2535 631 2606 Vinea
657 2544 732 2606 verb
758 2537 872 2632 rejacet
898 2541 932 2609 in
958 2561 1047 2635 prae·

290 2629 376 2704 ditia
400 2635 483 2720 lara,
511 2633 554 2704 (t
580 2635 675 2707 balet
691 2633 780 2726 fines
805 2640 847 2710 ab
871 2665 936 2710 una
959 2661 1051 2734 parte

294 2735 452 2824 Vineam,
487 2759 566 2831 quae
594 2734 662 2825 fuit
688 2737 846 2810 Guidonis
871 2742 1046 2836 Barbaege·

291 2836 399 2925 latae,
421 2838 443 2906 d
464 2835 598 2924 [reunia
617 2837 770 2929 Vineam,
793 2864 873 2936 quae
892 2839 960 2930 fuit
983 2845 1044 2912 Ne·

288 2953 398 3029 patum
412 2936 593 3027 Presbyteri
614 2938 752 3022 Aestii,
776 2939 912 3009 isernia
934 2961 1049 3012 tetram

176 3042 198 3064 ⁸
292 3030 461 3102 Gumicelli
485 3035 523 3102 de
548 3033 674 3118 Dulce,
703 3035 726 3102 ὸ
750 3052 865 3126 quarta
889 3042 965 3102 verb
980 3051 1046 3103 ter.

282 3155 384 3222 m,
406 3153 485 3226 quae
505 3130 575 3220 suit
600 3129 776 3222 Aidenulfi
802 3132 843 3201 ele
871 3131 1047 3228 Rrffpanpe·

1141 2436 1176 2508 ’ὲ
1202 2434 1423 2507 Tabellisnum
1450 2458 1592 2508 munere
1619 2430 1912 2534 distingueretur.

1157 2531 1387 2634 Etprofedib
1413 2551 1592 2634 nunquam
1617 2532 1752 2608 excidit
1779 2538 1914 2610 Romae

1157 2635 1303 2710 illorum
1330 2659 1459 2708 nomen
1486 2660 1526 2708 ac
1552 2631 1810 2729 ministerium,
1846 2637 1917 2713 ibi.

1157 2763 1225 2833 que
1250 2734 1436 2810 duodecim
1463 2733 1564 2810 fuiffe
1590 2735 1800 2830 traduntur,
1827 2733 1916 2837 quo'·

1157 2861 1234 2912 sum
1262 2835 1395 2936 primus
1422 2836 1699 2928 Protaseriniarius
1724 2837 1770 2912 est
1799 2844 1918 2936 appel.

1156 2939 1268 3012 letus.
1296 2940 1430 3010 Verum
1457 2936 1611 3014 Saeculis
1648 2937 1916 3038 posterioribus,

1157 3063 1266 3129 quum
1285 3039 1321 3106 δι
1340 3036 1404 3132 ipss
1429 3037 1565 3112 tabulas
1577 3039 1814 3139 :publicorum
1834 3069 1918 3117 con.

1158 3129 1335 3203 trabiuum
1371 3130 1582 3221 scriberent,
1619 3165 1741 3232 parum
1777 3141 1917 3220 fortasse

294 3257 353 3305 ns.
389 3235 442 3303 lta
467 3235 549 3328 quod
581 3233 622 3302 dt
646 3251 742 3312 cetero
767 3255 863 3328 neque
880 3239 963 3328 ego,
998 3257 1048 3304 ne·
1093 3251 1123 3318 D
1158 3246 1219 3304 aut
1245 3226 1338 3302 nihil
1365 3227 1503 3304 differre
1521 3253 1688 3330 ceperunt
1705 3239 1725 3309 d
1742 3247 1920 3334 Notariis,·

294 3357 352 3429 que
377 3357 454 3403 uxor
477 3359 567 3418 mea,
592 3351 652 3404 aut
675 3333 798 3404 heredes
823 3335 907 3422 mei,
932 3337 993 3406 aut'
1014 3359 1049 3406 a·
1158 3330 1211 3404 isa
1256 3345 1295 3402 ut
1338 3353 1411 3402 nou
1455 3328 1592 3407 invitus
1629 3332 1668 3408 in
1707 3336 1916 3435 opinionem

292 3433 344 3505 lia
364 3454 502 3530 pernas
528 3430 680 3528 submiffa
707 3433 838 3529 ptrfhna
861 3432 989 3529 aliquid
1016 3435 1051 3506 in

285 3532 558 3628 supranominatis
581 3539 670 3606 rebus
694 3535 815 3629 exigere
839 3536 957 3608 audeas
979 3539 1002 3608 ri
1023 3555 1053 3606 te

293 3639 417 3708 Damno
443 3641 536 3728 Papa
552 3635 728 3723 Adriano,
749 3631 806 3724 lest
830 3636 908 3708 aliis
931 3643 1051 3710 Roma·

293 3734 346 3807 sris
371 3733 595 3824 Pontificibus.
624 3733 772 3830 ‚Quodsi
794 3735 915 3832 aliquis
940 3737 1051 3824 nolito·

293 3855 364 3904 rum
397 3855 503 3906 contra
533 3836 729 3930 praediliam
754 3835 942 3910 Cbartulam
969 3837 1050 3928 refu}

294 3934 427 4006 tationis
450 3955 543 4030 atque
565 3935 785 4026 transaiiionis
806 3937 914 4033 aliquo
936 3959 1049 4034 temps·

294 4033 458 4106 revenire
481 4037 675 4126 tentaverit,
697 4037 839 4132 promisit
860 4041 1049 4126 dareDsm·

1158 3429 1298 3506 Gloliae
1323 3429 1535 3523 concedam,
1571 3459 1660 3532 quae
1693 3435 1732 3508 in
1759 3442 1847 3538 Cap.
1872 3447 1919 3514 ad

1157 3530 1354 3608 audientiam
1380 3530 1464 3608 Lib.
1491 3556 1525 3608 2.
1554 3537 1729 3612 Decretal.
1755 3541 1795 3610 tle
1817 3547 1918 3613 Prae.

1151 3633 1262 3731 script.
1304 3631 1460 3708 scribit:
1504 3637 1676 3710 seriniarii
1713 3642 1918 3738 appellantur

1158 3735 1384 3827 Tabellinrrts,
1419 3735 1464 3806 (θ’
1497 3737 1540 3826 efl
1579 3741 1715 3836 uulgare
1755 3749 1917 3816 Romane.

1159 3859 1246 3910 rum.
1272 3833 1392 3921 Bofius
1419 3841 1523 3912 Rom.
1550 3841 1748 3918 Subtemen.
1775 3843 1860 3918 Lib.
1881 3871 1916 3944 3.

1159 3965 1234 4038 cap.
1262 3957 1296 4031 ς.
1323 3936 1594 4034 Inscriptionem
1621 3941 1753 4035 refert,
1781 3944 1820 4018 in
1847 3973 1917 4044 qua
2043 4013 2046 4020 .

1159 4055 1374 4114 memoratur
1400 4042 1474 4114 FL.
1501 4043 1782 4120 CELERINUS
1803 4051 1847 4120 V.
1866 4049 1916 4124 D.

295 4161 335 4207 sto
352 4142 461 4231 Papae
477 4135 629 4210 Adriano
645 4137 701 4208 vel
712 4137 782 4228 suis
794 4138 969 4210 Catholicis
978 4139 1049 4231 sut·
1095 4157 1128 4240 E.
1159 4141 1477 4215 SCRINIARIUS
1509 4143 1611 4216 INL.
1641 4143 1917 4221 PATRICIAE

294 4231 454 4331 eefl‘o'ribus
487 4236 609 4308 nomine
638 4257 756 4332 poenae
787 4239 920 4314 Libram
952 4265 1049 4314 unam

295 4337 408 4432 optimi
415 4337 591 4427 ·auri„&
608 4337 765 4410 Chartula
788 4337 848 4426 ista
868 4339 903 4412 in
920 4340 979 4432 suo
1001 4367 1048 4413 m·

293 4440 363 4510 lore
386 4439 588 4531 permaneat.
690 4532 692 4538 Ι

347 4543 415 4608 Hoc
439 4538 543 4611 allam
569 4537 612 4628 eli
639 4539 674 4614 in
700 4539 809 4628 Callru
844 4542 981 4618 Viserbr'e'
1015 4543 1049 4616 in

295 4643 406 4712 Dsms'
430 4641 566 4712 Gerardi
592 4641 637 4711 Φ·
664 4641 846 4716 Bovatiani
878 4646 919 4716 ele
950 4644 1051 4736 Casa·

296 4741 404 4829 mala,
432 4740 466 4810 in
492 4743 639 4814 manibus
664 4743 783 4815 Domni
807 4744 940 4836 Bossnis
965 4745 1050 4820 Dia·

296 4842 364 4913 eoni
403 4840 590 4914 Cardinalis
627 4841 813 4916 Saniletum
846 4845 973 4938 Cosmae
1007 4847 1052 4926 Q?

293 4941 473 5034 Damiani‚
498 4942 619 5023 Domni
636 4951 744 5041 Papae
761 4947 960 5038 Cameratii,
978 4952 1050 5022 XV.

295 5045 462 5118 Kalendas
489 5043 656 5142 Augusti,
689 5051 793 5120 Anne
823 5049 866 5120 ab
900 5051 1050 5124 interna·

394 5151 483 5222 Tm.
508 5148 554 5220 u.

1212 5145 1297 5244 ue

1160 4241 1313 4328 scum,
1333 4243 1736 4318 VALENTINIANO
1753 4251 1834 4319 vn.
1850 4251 1917 4324 ΕΤ

1159 4342 1357 4414 AVIENO
1375 4343 1500 4415 COSS.
1527 4344 1635 4418 Anno
1654 4343 1791 4421 scilicet
1809 4347 1919 4426 Chri·

1159 4439 1202 4515 sti
1226 4441 1540 4540 CCCCL.,Quod
1567 4449 1651 4520 verb
1685 4447 1732 4521 est
1760 4448 1802 4523 ad
1838 4454 1917 4526 Sao·

1160 4543 1239 4616 cula
1264 4541 1454 4634 inferiora,
1479 4546 1634 4621 occurrit
1660 4547 1751 4622 mihi
1778 4575 1821 4624 ex
1842 4577 1918 4626 mo-
1965 4593 1967 4597 ·

1159 4643 1339 4720 numentis
1376 4642 1604 4744 Reipublicae
1638 4649 1829 4726 Geuueufis
1856 4671 1918 4728 ex·

1160 4759 1278 4844 cespta
1319 4745 1453 4845 jamdiu
1483 4745 1646 4834 Charta,
1682 4750 1739 4824 cui
1775 4751 1835 4827 bic
1870 4751 1917 4826 est

1160 4844 1318 4920 titulus:
1360 4854 1462 4920 Laus-
1482 4849 1592 4920 Ceneii
1626 4857 1789 4926 Romanae
1813 4853 1917 4924 'Urbis

1159 4947 1364 5034 Scriniarii,·
1387 4947 1455 5020 hoc
1481 4945 1553 5040 est,
1589 4949 1821 5050 Privilegium
1848 4951 1918 5024 im·

1160 5045 1348 5136 munitatis
1382 5047 1496 5126 eidem
1531 5051 1665 5142 cereso,
1699 5051 1762 5151 qui
1788 5053 1823 5124 de
1859 5052 1923 5126 Vir

1785 5152 1867 5225 illu·
