4550 6072
324 377 410 484 613

267 585 412 660 interim
438 586 695 664 animadvertas
712 592 756 664 ad
777 615 850 666 rem
871 593 1022 667 nostram

265 690 401 780 velim,
422 713 483 762 eos
505 691 649 787 quidam
673 692 839 792 spondere
860 715 957 778 certa
979 693 1024 769 il·
1067 679 1072 688 ⁵

267 791 303 863 la
316 787 465 864 ‘seruitia
488 813 595 895 atque
616 821 747 886 onera,
768 794 824 868 sed
846 795 900 868 ita
922 795 1024 897 spon·

265 893 348 965 dere
382 912 423 964 ut
442 895 543 984 salua
570 895 618 981 fir
638 895 770 990 susliria
798 901 922 990 nosira,
937 903 1026 996 quia

261 991 311 1080 fic
326 1013 422 1064 antea
434 993 504 1082 suit
520 997 720 1089 consuetudo.
736 1002 830 1072 Cum
850 996 912 1072 issa
930 1025 1024 1074 com·

268 1119 359 1193 pone
378 1093 638 1189 praecedentem
655 1097 825 1174 Chartam
844 1099 1026 1191 Pisaeam,

267 1198 329 1270 ubi
351 1197 504 1269 ubertus
522 1195 610 1298 (qui
625 1201 799 1298 Episcopus
814 1200 956 1276 Sandan
967 1205 1022 1275 Pi·

260 1298 361 1390 sanae
383 1297 538 1383 Earsefiae
562 1303 725 1393 tanthm,
747 1329 821 1376 non
846 1308 932 1377 vero
954 1313 1023 1379 Ar·

629 363 998 460 orrannrarro
1038 363 1536 502 nunrrnnacrnn:

266 504 390 559 notura
408 483 443 558 tr
463 479 670 562 conditione
687 493 896 564 Servorum.
912 492 1022 586 Quod
1065 505 1101 574 A

1134 491 1388 583 demussata,
1413 513 1503 588 quae
1532 513 1608 566 rent
1644 405 1899 568 conficersvte

1133 592 1288 682 dentur,
1323 593 1376 665 ita
1410 611 1452 665 ut
1486 589 1604 666 amico
1640 591 1779 666 cuidam
1814 617 1897 670 meo

1132 692 1296 792 alioquin
1313 691 1516 768 doniffimo
1530 693 1686 766 assentiri
1700 719 1896 792 nequeam,

1135 791 1277 892 putanti
1300 819 1348 868 ex
1377 789 1509 888 Massa,
1535 819 1608 866 non
1643 820 1687 867 ex
1716 797 1834 888 Mansa
1859 823 1898 870 e.

1134 895 1287 996 jusmodi
1322 896 1596 996 apellationem
1625 893 1795 986 linxisse,
1827 897 1896 973 hoe

1135 997 1181 1072 est
1206 1001 1226 1070 h
1253 923 1420 1093 Massica,
1447 1021 1517 1069 non
1543 999 1565 1069 l
1591 997 1769 1088 Marsua.
1796 1001 1898 1092 Qua.

1134 1101 1170 1173 le
1204 1103 1290 1173 vero
1324 1099 1362 1171 id
1398 1097 1584 1172 hominum
1619 1121 1728 1198 genus
1762 1095 1896 1192 suerit,

1136 1200 1231 1274 idem
1272 1199 1506 1300 DuCangiun
1543 1199 1722 1298 explicare
1744 1198 1899 1274 nititur

1138 1299 1350 1386 ausioritate
1372 1301 1631 1402 speculatoris,
1649 1300 1720 1374 five
1742 1300 1899 1374 Guiliel·

267 1397 951 1504 rbiopiscopasjnscribitur,quamquam
975 1409 1024 1478 U·
1067 1409 1094 1478 B
1138 1404 1189 1477 mi
1225 1403 1408 1496 Durandi,
1434 1403 1533 1503 cujus
1565 1403 1671 1477 rerba
1707 1399 1787 1475 sunt
1812 1401 1898 1476 Lib.

265 1499 419 1599 ghellius
444 1499 604 1575 l’lsanam
628 1507 817 1580 Ecclesiam
842 1509 1025 1608 Metropo-

268 1602 373 1675 litico
397 1601 531 1676 honore
556 1603 626 1701 jam
650 1626 727 1680 tum
750 1607 919 1690 donatam
943 1635 1025 1681 con·

265 1705 389 1776 tendat
405 1705 468 1802 )&
489 1707 598 1802 liugn
615 1708 930 1808 Archiprerbyter,
947 1713 1025 1782 Ma·

267 1805 488 1878 lavoltae.ea
514 1806 722 1882 conditione
759 1810 903 1884 tradunt
928 1811 1025 1880 homi·

268 1931 324 1978 ner
358 1905 402 1973 Ο·
428 1906 573 1980 mulieres
604 1910 646 1978 de
671 1909 857 2000 Mosnada,
885 1931 923 1982 uo
955 1913 1025 1981 nul·

269 2009 336 2076 snm
355 2007 585 2101 superpofirum*
608 2008 907 2107 (superimpositam
931 2009 970 2084 in
994 2037 1027 2084 a·

268 2107 330 2182 liis
357 2107 569 2181 membranis
605 2135 677 2182 non
706 2109 811 2184 semel
847 2111 948 2212 legi)
976 2139 1026 2182 ne·

270 2235 329 2309 qne
354 2209 472 2292 onasum
497 2209 586 2299 usum
608 2233 721 2306 ponere
745 2210 861 2284 babeat
884 2212 950 2298 islis
976 2213 1026 2282 bo.

269 2309 434 2398 minibus,
475 2308 540 2393 n'ifi
573 2315 830 2406 quemadmodum
865 2309 1030 2406 comitissa
1063 2309 1096 2381 C

270 2411 422 2482 uuallon
454 2409 613 2502 babebat,
638 2415 765 2510 quando
797 2415 844 2487 ad
860 2414 940 2505 suas
963 2440 1029 2485 ona·

269 2535 330 2582 nur
364 2507 525 2584 habebar.
565 2515 665 2586 Pares
700 2541 783 2616 ergo
819 2514 884 2590 hac
919 2515 958 2590 in
994 2539 1031 2588 re

271 2637 331 2687 eos
363 2611 458 2684 drcas
491 2610 721 2706 hominibus,
749 2613 923 2690 Ecclesiae
953 2619 1030 2691 Lu·

272 2710 383 2800 confi,
401 2731 441 2785 ut
461 2739 570 2812 nuper
588 2716 766 2806 vidimus,
782 2715 944 2790 traditis.
961 2720 1030 2789 Ve-

271 2821 348 2890 tum
370 2813 406 2886 in
427 2813 560 2886 Charta
583 2816 707 2889 Pisana
725 2818 875 2890 liberum
896 2817 943 2890 est
963 2820 1028 2892 Ar·

272 2913 534 3012 chipresbytero
567 2915 604 2986 or
639 2916 835 2988 Canonicie
873 2916 1031 3007 Pisanis,

272 3013 382 3114 quales
402 3011 547 3108 personas
571 3016 613 3084 de
639 3015 708 3112 ipsa
733 3015 900 3107 Masnoda
922 3015 1031 3086 vosne·

272 3117 362 3204 rint,
382 3115 667 3206 serumrerinere:
691 3142 779 3212 quae
804 3115 952 3191 innuere
977 3113 1031 3188 vi·

273 3215 401 3290 dentur
435 3213 515 3287 heic
550 3217 606 3316 agi
634 3215 677 3290 de
705 3216 846 3308 Servis,
871 3235 932 3292 aut
966 3215 1028 3290 sal·
1069 3205 1103 3276 D
1138 3213 1247 3314 gione
1270 3212 1362 3286 olim
1398 3213 1563 3288 ufitatos:
1592 3216 1622 3288 ii
1656 3219 1753 3290 enim
1785 3217 1903 3292 homi.

272 3333 345 3391 tem
372 3315 415 3390 de
441 3315 592 3391 colonis
616 3317 719 3416 padio
746 3319 868 3416 aliquo
891 3317 952 3390 sub
981 3317 1029 3412 iu·

273 3443 311 3493 re
339 3419 569 3492 Patronorunr
598 3415 737 3518 politis.
761 3423 845 3495 Vox
870 3417 933 3493 illa
952 3424 1028 3493 Ma·

268 3519 375 3613 sanda
401 3517 491 3592 unde
516 3519 692 3619 originem
719 3520 891 3613 traxerit,
913 3520 1032 3619 inqui·

274 3623 372 3696 rebat
392 3617 611 3694 Clarissimus
632 3621 889 3713 Fontaninius,
911 3625 1030 3718 Aney-

274 3743 378 3794 ranus
418 3720 740 3824 Archiepiscopus,
775 3724 814 3798 in
853 3722 1033 3822 Opusculo

274 3821 358 3892 delle
384 3819 561 3906 Masnade.
597 3827 685 3896 Eam
712 3849 797 3924 ergo
822 3823 854 3897 is
887 3823 1031 3897 deduce·

275 3919 335 3996 hat
361 3921 382 3994 i
410 3925 510 4011 Mar,
535 3924 629 4020 quod
666 3926 820 4018 Marsum
854 3922 909 3998 seu
937 3951 1031 4024 prae·

276 4021 373 4096 dium
394 4019 589 4120 fignificat,
605 4027 642 4098 dc
666 4033 781 4099 Nara:
800 4027 867 4098 hoc
889 4024 936 4097 est
955 4053 1035 4120 gene

1135 1532 1173 1600 4.
1189 1503 1355 1605 particul.
1375 1531 1409 1604 3.
1428 1505 1472 1598 de
1491 1504 1639 1578 Feudis:
1656 1507 1815 1594 Mansaoa
1830 1503 1902 1593 asi,

1137 1609 1263 1703 quando
1281 1609 1439 1679 Dominus
1458 1607 1519 1677 dar
1534 1606 1636 1680 alicui
1653 1601 1808 1697 Marsum
1827 1629 1898 1678 anm

1136 1707 1273 1792 diuerso
1290 1703 1543 1803 possessionibus,
1562 1711 1607 1778 (J
1621 1727 1749 1804 propter
1768 1705 1823 1776 hoe
1841 1705 1899 1776 isse

1132 1809 1216 1898 sarit
1243 1807 1280 1900 se
1305 1809 1471 1880 Hominem
1505 1807 1661 1896 Domini,
1688 1809 1733 1878 Θ·
1764 1809 1811 1879 ad
1834 1831 1900 1877 rer·

1137 1930 1205 1978 rum
1223 1909 1396 2000 seruitium
1429 1927 1571 1980 tenetur.
1605 1913 1654 1980 Et
1684 1907 1763 1980 rasis
1797 1913 1900 1978 Hanno

1136 2010 1254 2081 dieitur
1277 2010 1318 2079 do
1351 2008 1531 2100 Mansato,
1556 2009 1615 2106 qui
1639 2007 1684 2094 esi
1717 2013 1820 2078 Homo
1845 2033 1901 2081 ra·

1138 2110 1222 2181 tione
1253 2101 1482 2207 possessorum.
1519 2109 1656 2201 Persona
1688 2127 1795 2179 tamen
1828 2107 1900 2202 eirea

1138 2213 1256 2282 Libora
1288 2209 1332 2296 esl
1351 2209 1523 2304 secundiano
1555 2209 1805 2304 consuetudinem
1831 2215 1901 2281 rte·

1134 2313 1197 2408 gni
1222 2311 1452 2404 Franciao,fi
1476 2311 1613 2402 dimissi
1648 2310 1807 2400 Mansatd
1831 2311 1899 2382 aiio

1133 2411 1169 2504 se
1202 2411 1394 2502 oransserat.
1428 2413 1485 2485 oso
1510 2411 1590 2484 ltasi
1617 2411 1790 2502 secudum
1823 2435 1901 2508 quo·

1131 2513 1225 2604 sdam
1247 2511 1363 2584 noram
1386 2514 1526 2584 honines
1547 2515 1588 2584 de
1610 2511 1791 2603 Dlansata,
1808 2509 1900 2608 quasi

1126 2617 1177 2693 ‚de
1211 2615 1379 2702 Familia,
1408 2615 1454 2685 Θ·
1486 2612 1542 2684 isli
1574 2611 1666 2710 quast
1695 2635 1754 2708 pra
1786 2611 1901 2684 Seruis

1139 2716 1313 2787 iamneae.
1337 2713 1468 2789 Censet
1493 2711 1594 2812 supra
1620 2713 1780 2786 laudatus
1806 2717 1901 2786 Fon·

1138 2815 1319 2907 taninius,
1345 2816 1439 2888 nihil
1475 2813 1720 2889 similitudinis
1749 2814 1902 2888 interce·

1137 2915 1219 2988 dere
1241 2915 1336 2990 inter
1353 2915 1518 2994 hominen
1538 2917 1580 2988 de
1598 2916 1758 3007 Mensura
1779 2915 1799 2987 l
1819 2917 1903 3014 Spe·

1139 3015 1297 3086 culatore
1338 3015 1557 3116 descriptos,
1590 3019 1628 3090 δι
1665 3015 1829 3108 homines
1861 3017 1903 3088 de

1139 3112 1306 3204 Masnada
1329 3116 1513 3212 praecipue
1536 3117 1575 3189 in
1594 3115 1825 3218 Foroiuliensi
1849 3143 1904 3194 re·

1139 3341 1201 3390 nes
1226 3313 1374 3404 Liberi,
1398 3314 1455 3390 illi
1480 3319 1567 3390 vero
1589 3317 1688 3390 Servi
1711 3316 1827 3392 suere.
1851 3323 1901 3393 Et

1139 3415 1204 3489 hoe
1241 3414 1387 3516 quidem
1427 3443 1499 3490 non
1538 3415 1722 3491 immerito
1762 3415 1900 3494 servilia

1140 3516 1359 3593 conditionis
1386 3516 1547 3594 homines
1579 3517 1815 3594 Fontaninius
1840 3545 1903 3620 ap·

1140 3621 1279 3720 pellat3
1320 3619 1439 3694 testem
1481 3619 1578 3694 enim
1622 3619 1786 3714 producit
1825 3617 1899 3696 ise

1139 3721 1311 3794 Chartam
1351 3724 1462 3795 Anno
1505 3723 1785 3796 MCCCLlllll.
1828 3647 1900 3798 live

1140 3825 1460 3897 Mcchxvttt.
1484 3820 1670 3916 scriptam,
1691 3821 1729 3894 in
1752 3847 1822 3920 qua
1845 3849 1901 3896 na·

1140 3921 1220 3996 bilia
1252 3925 1310 3994 uir
1332 3926 1501 3996 ,Antonius
1533 3925 1650 3995 Gallae
1684 3925 1726 3994 de
1753 3923 1901 3996 Ciuitate

1140 4023 1279 4111 Arsinia
1312 4023 1513 4112 manumisit
1548 4024 1719 4097 Dominam
1750 4025 1902 4120 Sopbiam

276 4121 315 4198 in
335 4124 580 4203 Manfisnata.
604 4125 702 4200 Mihi
722 4125 815 4200 nihil
835 4125 930 4199 aliud
949 4125 1033 4200 suis·
1073 4121 1104 4191 Ε
1131 4123 1245 4216 filiam
1270 4125 1400 4215 Tisanti
1423 4129 1464 4196 de
1488 4125 1704 4213 Poematiaao,
1729 4124 1798 4217 ejus
1823 4133 1902 4197 Aoo·

277 4223 311 4299 se
345 4225 509 4316 uidetur,
534 4253 639 4324 quarn
675 4225 811 4302 samilia
847 4233 1034 4302 Servorum

278 4327 435 4417 Masnara
447 4327 522 4426 (*),
541 4327 626 4402 idell
645 4329 773 4402 Mauso
787 4327 945 4417 addiiia,
964 4327 1034 4402 srve

278 4428 320 4500 ad
356 4427 519 4502 Manlum
557 4431 789 4503 excolendum
826 4427 1066 4521 constituta,'

278 4553 366 4626 quae
394 4555 466 4603 vox
493 4529 590 4603 facili
619 4530 843 4606 conversione
869 4531 1029 4605 immuta·

131 4707 133 4710 ,
193 4657 196 4666 ·
279 4649 314 4704 ta
342 4627 386 4702 ell
413 4631 450 4702 in
478 4635 656 4724 Masnara,
678 4633 863 4724 Masnada.
886 4637 934 4705 Et
959 4633 1037 4706 sane

278 4729 528 4806 erudiriffinus
566 4735 798 4830 Du-Cangius
829 4735 866 4808 in
902 4734 1036 4807 Glossa-

278 4835 334 4910 rio
360 4833 497 4910 Latino
523 4837 684 4936 exempla
710 4835 823 4910 adsert
849 4835 1037 4908 hominum

1126 4225 1248 4296 ,cissam
1268 4225 1452 4322 propriam,
1470 4225 1545 4311 siue
1565 4225 1737 4297 Mulierem
1758 4225 1798 4295 de
1820 4229 1902 4298 Ma·

1134 4325 1256 4418 snare,
1282 4353 1350 4397 eom
1383 4327 1526 4402 omnibns
1542 4325 1653 4419 filiis,
1677 4327 1820 4422 perusio,
1847 4329 1923 4410 bo„

1140 4427 1194 4497 nio
1212 4430 1281 4500 &a
1297 4429 1430 4500 verum
1451 4427 1512 4526 illa
1531 4428 1624 4500 nihil
1638 4427 1796 4515 obllant,
1811 4453 1903 4526 quo·

1140 4529 1260 4600 minus
1286 4529 1522 4627 speculatoris
1558 4528 1792 4604 sententia&
1818 4551 1901 4602 uera

1140 4631 1176 4702 dt
1202 4627 1374 4704 laudanda
1400 4631 1504 4704 nobis
1530 4627 1593 4702 stt.
1623 4635 1657 4702 lr
1683 4635 1767 4704 vero
1792 4651 1902 4726 quare

1139 4727 1312 4831 ejusmodi
1350 4731 1512 4805 homines
1538 4731 1577 4804 in
1607 4729 1713 4804 ltalia
1747 4727 1901 4846 rotundo

1141 4832 1299 4910 sermone
1339 4839 1456 4906 sermo
1495 4831 1647 4904 minime
1685 4832 1901 4931 appellant,

1189 4937 1221 5007 R
1247 4959 1265 5006 t
1317 4957 1340 5006 a
1723 4928 1852 5028 eosque
1876 4939 1880 4946 '

267 5057 272 5064 ⁸
353 5075 402 5152 (⁸)
423 5075 601 5142 Contentus
622 5071 788 5158 legendum
809 5071 913 5142 suadet
934 5073 1185 5159 minsarmon
1206 5067 1538 5154 Masnor15idsacili
1559 5063 1707 5136 dislionis
1728 5065 1900 5151 affinitate,

274 5157 472 5242 typographis
492 5157 660 5224 exciderit.
