4592 6066
295 379 298 384 ’
446 401 529 483 411
736 361 1144 480 ANTIQUJT.
1203 359 1442 448 MEDll
1494 362 1674 454 ARV!
1873 399 1958 480 412

389 493 549 558 nationem
576 503 642 556 tam
666 487 689 554 d
714 485 802 556 nobis
836 487 932 578 quim
953 487 979 552 d
1003 481 1086 552 dicio
1111 507 1144 551 o·
1182 481 1217 555 A
1261 481 1329 552 nire
1359 479 1574 576 promittimus
1600 483 1725 554 nomine
1756 481 1935 579 plejariae,
1974 485 2020 558 θ’

386 587 450 660 lim
472 595 575 660 Scorto
606 603 735 682 cognato
769 581 889 674 noller,
925 585 970 652 (θ’
991 583 1145 674 johanne
1256 579 1446 678 principalis
1471 582 1701 676 obligationis,
1725 583 1787 673 [ub
1813 608 1914 682 poena
1937 586 2019 681 legi·

378 689 459 782 filio
486 693 543 782 Juo
568 707 732 784 nepoteque
767 684 886 776 nostro,
920 685 977 771 vel
1001 684 1145 756 etiamn
1258 681 1339 754 tima
1363 709 1402 752 eu
1418 683 1578 778 slipulatu
1606 680 1754 780 pronoiffa
1773 688 1875 761 ,totius
1902 685 2019 782 supra·

385 793 477 864 dille
515 789 654 862 Domina
686 788 846 860 Aldruda
878 785 979 878 sorore
1013 784 1144 876 noslra,
1253 781 1391 880 scriptae
1413 785 1562 880 pecuniae
1587 787 1722 880 duplae.
1750 791 1798 856 Er
1818 788 1924 878 solutel
1946 808 2018 883 poe·

387 911 541 992 quantum
562 891 611 961 ad
633 888 859 982 usumfruiium
881 885 1045 984 pertinet,
1081 913 1144 958 mo·
1260 886 1304 954 nd
1322 885 1396 957 baec
1409 885 1567 958 Chartula
1575 884 1679 976 firma
1690 909 1891 983 permoneat.
1910 893 2019 980 Quam

384 996 428 1066 do
452 992 589 1088 quolibet
609 988 752 1082 fallam,
778 991 908 1086 aliquo,
933 991 1017 1085 q'uod
1039 986 1145 1076 ablit,
1253 981 1386 1076 scribere
1423 987 1607 1082 rogavimus
1648 989 1844 1076 Johannem
1884 989 2018 1062 Leonis

388 1096 424 1166 in
456 1113 591 1188 tempore
623 1092 729 1162 dietus
768 1092 925 1164 Dominus
963 1095 1057 1186 Papa
1091 1089 1146 1160 vel
1260 1084 1488 1180 Scriniurium
1530 1089 1565 1156 in
1605 1091 1718 1180 Mense
1760 1090 1804 1158 Ο·
1843 1089 2020 1162 ludiliiont

374 1191 560 1290 'surcefforet
581 1191 654 1286 ejus
677 1221 715 1264 eu
739 1194 797 1264 lsac
821 1191 914 1285 causa
938 1195 1088 1265 damnum
1110 1216 1146 1260 a·
1254 1187 1469 1283 suprascripta
1504 1193 1577 1260 Vll.
1605 1189 1710 1276 Telles
1734 1191 1895 1262 Girardut
1928 1195 2019 1275 Seroq

388 1297 499 1392 liquod
522 1297 563 1366 de
581 1293 682 1390 jure,
717 1317 784 1366 tam
815 1293 1022 1391 impensarum
1045 1291 1144 1364 nomi·
1255 1287 1351 1378 lani,
1376 1289 1546 1378 Jobannes
1568 1290 1712 1362 Oddonis
1737 1293 1899 1378 Romani,
1934 1289 2021 1360 Rai-

390 1423 451 1486 ne,
486 1402 582 1492 qudm
607 1397 703 1469 aliter
725 1397 912 1492 patientur,
948 1394 1062 1491 quanti
1088 1391 1148 1464 erit
1193 1387 1222 1458 B
1262 1389 1366 1460 uerius
1382 1395 1414 1479 J
1414 1389 1547 1461 ohannis
1572 1393 1697 1483 Pauli,
1724 1399 1754 1483 J
1756 1393 1891 1462 mannes
1914 1394 2020 1462 Bobo·

387 1500 563 1588 damnum,
582 1517 708 1571 tantum
720 1497 912 1571 aulioritate
925 1495 1075 1592 propria,
1093 1519 1147 1564 no·
1262 1489 1313 1560 nis
1338 1491 1433 1560 Boni·
1440 1487 1559 1582 filius,
1584 1493 1768 1588 siginulfus
1783 1494 1824 1564 de
1846 1492 2019 1582 Burrella,

381 1597 510 1696 slroque
534 1603 707 1688 mandato,
742 1600 825 1697 quod
850 1598 896 1668 eis
915 1597 1077 1686 facimus,
1115 1597 1149 1664 in
1261 1590 1447 1681 Adinulsus
1472 1591 1639 1666 Oddonis.

389 1703 481 1773 rebus
514 1703 564 1774 ἅ
594 1698 824 1798 poffiffionibus
857 1697 967 1786 nostris
999 1697 1047 1768 eis
1076 1697 1148 1792 pla·
1231 1767 1232 1770 ,
1312 1695 1383 1788 Ego
1409 1690 1583 1782 lohannes
1595 1695 1758 1782 Leonis,
1786 1692 1930 1768 sanstae
1950 1697 2021 1766 Ro·

390 1802 530 1873 centibus
560 1801 635 1892 iure
665 1803 810 1898 pignoris
838 1801 882 1873 (9·
913 1797 1070 1896 plejariae
1096 1823 1149 1866 no·
1263 1817 1385 1866 manae
1425 1792 1599 1870 Ecclcfiae
1633 1795 1870 1884 scriniarius,
1905 1795 2021 1868 babent

391 1905 477 1972 mine
510 1904 704 1992 vendicent,
738 1902 887 1998 capiendo
913 1900 957 1968 &¹
981 1899 1152 1970 alienando
1258 1894 1573 1992 potcslotemtdandi
1597 1917 1730 1969 tutorem
1756 1899 1800 1968 δ’
1824 1915 2018 1986 curatorem,

394 2005 440 2072 (θ’
464 2002 510 2072 eis
536 2004 570 2074 im
596 2003 739 2074 omnibus
768 2000 1015 2094 satisfaciendo.
1051 1995 1153 2082 Erfi
1261 1997 1503 2091 emancipandi,
1531 1999 1754 2070 &decretum
1781 1997 2021 2091 interponendi,

392 2105 601 2176 contradicere
624 2103 874 2193 tentaverimus,
898 2100 1038 2196 diurn,
1072 2101 1154 2196 quod
1264 2098 1306 2166 CT
1344 2097 1499 2170 alimenta
1536 2099 1750 2191 decernendi,
1787 2096 1940 2194 complevi
1978 2097 2024 2166 Φ

394 2204 430 2274 in
456 2206 570 2298 eisdem
595 2208 685 2277 rebus
708 2207 877 2293 babemus,
909 2202 1035 2274 omnino
1058 2203 1153 2274 cada·
1261 2197 1412 2291 absolvi.
1896 2236 1899 2242 ·

393 2331 487 2396 mus,
524 2307 568 2376 Θ·
594 2307 695 2402 ipsum
719 2308 872 2377 damnum
896 2303 1030 2399 duplum
1055 2301 1152 2374 nomi·
1190 2291 1222 2362 C
1313 2303 1487 2374 Attamen
1525 2327 1568 2376 an
1604 2299 1715 2378 iidem
1751 2302 1854 2400 plane
1893 2296 2025 2373 fuerint

394 2433 433 2476 ne
458 2411 556 2478 bonae
578 2409 622 2478 Ο·
646 2408 762 2503 legalis
784 2403 942 2503 plejariae
964 2425 1082 2500 poenae
1100 2430 1155 2474 no·
1263 2402 1433 2474 seriniarii
1459 2422 1564 2502 atque
1590 2404 1748 2489 Notarii,
1768 2400 1928 2474 dubitare
1951 2423 2022 2470 non

392 2511 477 2578 mine
507 2508 631 2602 solvere
656 2510 700 2578 &¹
725 2511 802 2579 dare
834 2506 896 2602 ipfi
928 2506 1065 2578 Domino
1087 2512 1152 2578 Pa·
1264 2499 1367 2574 semel
1395 2502 1536 2578 cotiius
1562 2503 1662 2575 suen.
1702 2505 1798 2574 Num
1825 2498 1855 2571 ii
1880 2499 2024 2571 Scrinia·

389 2630 452 2706 pae
475 2611 530 2680 vel
549 2605 765 2704 suceefforibus
790 2607 859 2701 ejus
880 2628 937 2703 per
961 2633 1020 2678 vos
1040 2627 1148 2702 proeu·
1232 2602 1305 2704 {rii
1329 2602 1521 2696 appellati,
1548 2601 1610 2697 qui
1639 2599 1774 2699 publici
1801 2597 1955 2690 Scrinii,
1981 2597 2023 2670 fi·
2134 2693 2137 2700 Ι

392 2711 509 2782 rasorio
543 2709 929 2808 nmnine'promiseimus.
965 2712 1014 2776 Et
1047 2704 1151 2775 iniis
1231 2708 1304 2770 ¹vc
1340 2697 1496 2774 Archivi
1531 2725 1650 2774 curam
1687 2700 1875 2792 haberent,
1911 2725 2022 2798 quum

392 2813 537 2884 amnibus
562 2813 734 2904 refutamus
758 2835 878 2878 ornnem
906 2804 993 2896 juris
1017 2804 1072 2872 vel
1105 2803 1150 2871 le·
1234 2794 1497 2874 'nihilominus
1524 2799 1674 2876 chereas
1700 2799 1916 2876 conficerent
1939 2800 2023 2874 celi·

390 2939 468 3010 gum
489 2914 545 3004 [eu
570 2912 645 2984 boni
669 2911 743 3002 usus
767 2907 952 2994 auxilium,
987 2904 1070 3000 quod
1092 2922 1152 2999 pro
1234 2837 1411 2994 lquorum
1454 2902 1688 2974 Notariorum
1725 2926 1851 3000 moce3
1892 2900 2025 2973 Notarii

259 3069 262 3076 ,
393 3015 483 3084 nobis
508 3013 542 3084 iu
568 3013 625 3085 bae
649 3011 742 3093 casola
769 3006 979 3078 introduiluns
1005 3005 1068 3091 est,
1104 3002 1153 3072 ita
1234 2987 1346 3072 luero
1374 2998 1508 3088 ceteri,
1540 3000 1602 3097 qui
1630 2999 1857 3076 instrumenta
1884 3005 2024 3076 tantum

391 3137 429 3186 ut
455 3116 581 3186 nullum
598 3112 679 3208 jus,
713 3111 897 3201 nullamque
921 3103 1073 3176 allionem
1097 3102 1153 3172 vel
1231 3097 1236 3188 l
1263 3095 1545 3175 conscriberent?
1576 3105 1659 3176 Non
1686 3101 1756 3176 alia
1780 3103 1825 3175 est
1851 3101 2024 3181 sententie

393 3217 599 3314 exceptionem
632 3213 789 3285 adversles
822 3205 942 3278 dicium
976 3202 1151 3276 Dominum
1187 3195 1220 3264 D
1265 3199 1472 3301 Du-Cangii
1513 3201 1552 3278 in
1586 3202 1763 3278 Gloss'aeio
1798 3203 1922 3281 Latin,
1956 3203 2024 3278 Di.

392 3325 518 3413 Papam
543 3317 588 3388 θ’
615 3308 792 3408 suceellores
825 3305 920 3403 ejus,
954 3309 1000 3380 ad
1033 3303 1148 3393 infrin·
1264 3297 1412 3374 [crimen
1452 3321 1546 3378 ceste
1586 3304 1729 3403 aliquod
1766 3303 1860 3380 inter
1893 3331 1953 3380 cos
1987 3307 2022 3378 δε

389 3420 498 3516 genda
523 3443 603 3514 quae
626 3413 713 3487 edilia
732 3411 832 3506 sunt,
868 3410 1034 3482 valeamus
1058 3427 1147 3501 eppo·
1262 3403 1414 3474 Notarius
1447 3401 1668 3480 interceffiffe
1704 3403 1872 3495 videtur,
1912 3431 2022 3504 quum

393 3544 488 3592 nere.
528 3517 706 3609 Noviffime
742 3535 848 3586 aurem
884 3532 942 3608 pro
982 3509 1072 3582 nobis
1106 3509 1150 3578 (θ’
1263 3499 1309 3576 iis
1343 3501 1424 3601 ipfis
1459 3505 1677 3602 temporibus
1711 3521 1922 3592 occurrant,
1958 3505 2022 3606 qui

392 3620 506 3710 nolitis
531 3618 694 3689 heredibus
720 3615 764 3682 (θ’
783 3609 1022 3703 summioribus,
1058 3607 1150 3678 vobis
1263 3627 1335 3677 non
1370 3604 1564 3696 scriniarii,
1603 3605 1660 3680 sed
1692 3605 1822 3698 sannae
1856 3613 2023 3681 Romanae

389 3744 448 3820 pro
471 3717 557 3793 dille
588 3714 725 3787 Domino
749 3717 843 3804 Papa
869 3709 913 3778 Θ·
936 3708 1007 3804 ejus
1034 3706 1149 3799 sucees-
1232 3704 1419 3849 'Ecclesiae
1456 3706 1589 3780 Notarii
1628 3710 1879 3806 appellantur:
1923 3711 2021 3810 cujuc

388 3822 515 3917 foribus
546 3812 756 3913 procuratorio
790 3808 934 3900 nomine,
969 3831 1007 3880 ut
1030 3808 1150 3879 dillum
1233 3805 1315 3924 ¹cci
1351 3833 1459 3882 unum
1495 3809 1745 3884 tantummodo
1780 3813 1800 3884 ὲ
1828 3809 1953 3885 multis
1988 3837 2022 3898 eq

394 3923 465 4012 eli,
491 3943 571 4020 quae
594 3913 685 3990 diila
703 3913 809 4008 ssent,
835 3909 1149 4002 omniaobservare,
1232 3929 1240 4083 Ι
1263 3911 1443 4006 xemplucn
1457 3905 1626 4008 proferam
1643 3938 1687 3986 ex
1705 3911 1920 4008 praelaudati
1930 3917 2022 4004 Cen·

393 4023 587 4122 adimplere,
622 4019 667 4090 (9·
691 4035 798 4091 centra
832 4012 925 4085 nulld
950 4011 1071 4088 ratione
1094 4039 1150 4084 ve·
1200 4041 1204 4050 ·
1265 4010 1320 4087 cii.
1340 4014 1448 4087 Mseo
1474 4008 1609 4088 Codice
1635 4009 1858 4088 desumtum.
2010 4039 2017 4068 ··

396 4204 590 4300 chanun
619 4197 911 4308 transactionis,
950 4228 1072 4318 quom
1112 4195 1208 4288 secie
1239 4167 1356 4286 Gezo
1385 4197 1433 4284 de
1465 4193 1665 4286 Damione
1705 4203 1868 4296 Domno
1898 4203 2022 4316 Papae

524 4323 703 4438 Adriano
732 4327 806 4406 IV.
838 4317 947 4436 super
974 4315 1206 4436 quibusdem
1237 4315 1520 4435 polieffionibus
1550 4317 1589 4399 ee
1620 4318 1731 4404 rebus
1762 4315 1892 4434 politis

820 4436 862 4524 in
893 4435 1030 4524 Castro
1059 4437 1108 4522 de
1137 4433 1284 4547 Orcla,
1314 4441 1436 4520 Anno
1471 4438 1600 4550 1158.

496 4637 548 4714 lbi
570 4633 659 4734 patri
684 4635 729 4706 θ’
752 4631 930 4728 universali
947 4640 1071 4708 Dtmno
1088 4639 1154 4708 Pa·
1196 4637 1226 4711 E
1269 4631 1491 4724 transailionit
1519 4631 1604 4722 facio
1639 4633 1856 4725 refutationem
1888 4655 1946 4730 pro
1978 4659 2024 4704 me

518 4761 580 4840 pae
598 4737 751 4814 Adriano
774 4761 830 4834 ego
853 4737 979 4836 quidem
1004 4743 1090 4834 omo
1115 4740 1155 4809 de
1267 4739 1312 4805 θ
1342 4757 1399 4832 pro
1433 4759 1525 4806 uxore
1559 4759 1651 4825 mea,
1691 4735 1824 4833 meisque
1861 4733 2023 4806 heredibus

397 4845 589 4935 Damiano,
624 4840 713 4914 nullo
755 4857 876 4935 cogente
911 4838 1067 4936 imperio,
1096 4839 1157 4932 sed
1216 4905 1221 4913 .
1265 4839 1321 4907 vel
1347 4834 1484 4932 perlectis
1507 4836 1529 4904 d
1554 4834 1644 4906 nobis
1670 4836 1851 4931 sulmiffis,
1882 4857 1940 4935 pro
1964 4833 2022 4904 tri·

393 4948 521 5048 propria
545 4945 591 5016 θ’
619 4941 796 5039 spontanea
829 4961 896 5014 men
929 4943 1011 5015 bona
1037 4941 1152 5016 ¹volun·
1216 4959 1218 4964 ·
1264 4939 1322 5008 bus
1339 4937 1483 5006 millibus
1500 4936 1626 5010 Marcis
1651 4940 1800 5036 argenti:
1826 4937 2022 5010 nominative
2084 4989 2090 4999 .

397 5072 490 5143 ease,
521 5069 580 5148 per
603 5045 792 5123 chartulam
816 5043 1028 5118 survemiunis
1060 5063 1188 5142 atquet
1264 5040 1303 5110 re
1328 5035 1412 5110 omni
1441 5035 1515 5133 jure
1533 5037 1591 5130 seu
1623 5039 1765 5132 uiliore,
1801 5064 1896 5137 mam
1928 5033 2024 5110 baleo

441 5181 450 5192 ·
1939 5165 1975 5212 tn
