4594 6070
338 397 425 483 epp
625 359 1110 456 DlSSERTATIO
1170 363 1577 454 UNDECIMA.
1766 377 1850 478 298

275 505 359 576 um,
391 484 527 582 perso,
561 504 620 560 aut
651 506 708 580 per
735 485 829 579 suum
855 484 1038 576 Nuntium,
1073 477 1110 550 Α

272 589 330 660 vel
352 587 531 684 petralem
553 587 739 682 personam,
774 613 868 684 quam
891 607 949 684 pro
972 613 1037 660 eet·

274 710 308 764 to
332 689 439 762 coelat
456 687 503 761 eis
524 687 705 778 iiilunnm,
725 687 944 786 significabit.
970 693 1037 762 Pa·

271 813 388 892 patum
411 798 594 864 Romanum
620 789 664 858 Θ·
689 792 834 884 Regasia
858 789 947 864 beari
975 797 1037 864 Pe.

274 895 347 984 toi,
383 915 464 989 quat
498 898 647 968 Romana
672 892 813 978 Ecclefia
837 893 957 984 babet,
993 893 1038 964 Θ

269 993 454 1094 specialiter
478 993 659 1070 Civr'taten
686 995 731 1069 <t
757 993 953 1068 Comitutum
978 999 1039 1068 Su·

272 1120 396 1196 ganum
413 1119 482 1168 eum
499 1095 649 1182 Caslellis
669 1095 714 1168 Θ·
734 1096 854 1186 Villis,
879 1097 923 1166 Θ
941 1095 1040 1168 omni·

275 1201 334 1272 iur
352 1197 425 1291 suis
445 1197 676 1293 pertinentiis,
702 1199 882 1275 Civitatem
908 1198 953 1268 Θ
977 1203 1039 1268 Co·

1148 483 1305 578 cnsiivit,
1328 483 1524 581 praecipiens
1548 482 1669 572 eidem,
1695 503 1732 556 ut
1751 483 1787 576 se
1809 509 1911 556 totam

1147 587 1285 660 Domino
1302 591 1397 684 Papa
1414 585 1459 656 Θ
1477 583 1549 678 seris
1566 585 1739 658 Fratribus
1756 585 1802 660 ari
1816 605 1912 682 prae-

1138 689 1294 776 liandum
1320 686 1502 784 homagium
1527 685 1759 782 repraesentet,
1788 708 1911 783 excepto

1145 809 1252 864 tamen
1278 787 1388 878 Casiro
1414 785 1541 862 Montis
1564 787 1668 880 Atei,
1693 789 1733 860 te
1758 813 1912 886 quaeum

1147 916 1209 964 non
1236 889 1426 980 inveslivit.

1196 991 1291 1066 Arta
1318 991 1399 1084 suut
1422 992 1498 1068 baec
1527 991 1562 1064 in
1588 989 1736 1066 Ciuitate
1761 997 1909 1064 Suaneu·

1138 1091 1193 1184 Ji,
1221 1094 1256 1166 in
1281 1095 1398 1170 Platea
1424 1093 1589 1192 Episcopii
1600 1147 1612 1186 ,
1646 1117 1748 1166 coram
1773 1092 1911 1181 Domino

1147 1195 1285 1292 Ugolino
1321 1199 1362 1270 oie
1404 1202 1525 1270 Graeca
1561 1198 1757 1270 Urbevetano
1801 1193 1910 1284 Cive,

274 1301 425 1372 miratum
463 1297 706 1392 Rusellonsern,
747 1299 792 1372 (θ’
826 1293 1039 1392 crossetanum
1146 1297 1190 1368 0
1215 1297 1352 1372 Domino
1378 1301 1531 1374 Donadeo
1566 1297 1710 1370 uncatis·
1735 1293 1912 1386 Narniensi

274 1427 342 1474 aa
379 1399 723 1487 roscemannus
758 1401 803 1474 o
833 1400 1040 1497 panaenus
1079 1379 1110 1452 B
1145 1398 1255 1492 ctu,
1281 1400 1457 1494 saresta
1491 1399 1691 1491 arestone,
1728 1399 1773 1470 o
1806 1423 1910 1492 aarum

267 1503 362 1597 suis,
396 1499 565 1592 dislribio,
598 1501 746 1598 placite,
782 1502 827 1572 'U'
852 1528 920 1574 curn
954 1501 1040 1574 omni

275 1603 404 1678 datione
430 1603 475 1674 ὅ)
500 1602 605 1676 reditu
623 1603 704 1696 suo,
732 1603 777 1676 (Ψ
803 1629 872 1676 tum
897 1601 1038 1684 omnibus

273 1705 352 1778 aliis
382 1703 500 1794 ieonis,
534 1727 615 1802 quus
642 1704 747 1794 sraser
772 1705 817 1780 (P
838 1725 932 1801 pater
959 1705 1038 1796 suus

274 1811 382 1879 Comes
415 1806 662 1882 ildebrandinus
695 1810 718 1878 i
752 1815 903 1881 Romana
936 1807 1038 1882 Curia

273 1927 469 1998 tenum,
494 1905 626 1998 asotos
650 1909 711 1981 etit
736 1910 782 1982 ad
805 1909 1035 2000 desenieuium

183 2013 185 2016 ’
274 2009 319 2080 θ
344 2008 573 2084 retinendum:
605 2034 687 2105 quaa
711 2016 787 2085 vert
821 2037 885 2082 non
917 2010 1037 2100 babet,

210 2115 212 2118 ’
273 2112 317 2185 ad
342 2112 610 2204 reeupmvtoium,
645 2111 690 2182 Θ
714 2132 895 2209 recuperata
919 2113 965 2184 ad
990 2137 1036 2182 re·

272 2211 438 2282 sinendum
463 2211 759 2300 &defendendum
794 2232 901 2286 contra
935 2237 1038 2282 omnes

272 2313 434 2384 homiues.
469 2317 638 2386 Praeterea
663 2315 809 2388 Petreium
833 2311 1034 2411 praediilum

272 2437 333 2484 noto
367 2412 524 2502 dividet,
559 2440 615 2486 nee
644 2435 703 2510 pro
730 2418 790 2508 suo
818 2411 903 2512 P⁰ll⁰
926 2413 1038 2492 dividi

269 2513 452 2610 permittet,
473 2513 581 2604 salvis
606 2513 641 2586 in
668 2516 813 2590 omnibns
833 2515 973 2610 jusiitiis
991 2516 1037 2586 (θ’

268 2613 398 2710 juribus
435 2615 682 2712 Episcopatuum
717 2617 762 2686 θ’
795 2617 936 2690 aliarum
971 2621 1033 2688 Eo·

271 2713 432 2801 elesiarum
458 2715 545 2808 insta
565 2715 654 2810 sines
678 2715 837 2790 siliarum
862 2724 1033 2790 Terrarum

271 2815 524 2905 confislentium.
560 2823 609 2890 Et
644 2819 719 2892 baec
744 2819 850 2892 omnia
875 2823 958 2894 bona
985 2813 1033 2908 fi·

271 2919 333 3010 de,
369 2919 412 2990 Φ
439 2917 512 3002 sine
540 2919 680 3008 scande,
717 2921 761 2988 U·
786 2921 870 2990 molo
904 2917 1035 3014 ingenio

267 3015 400 3114 juravit
427 3017 462 3088 in
488 3017 633 3090 manibus
658 3017 742 3088 iiiii
776 3019 912 3090 Domini
947 3018 1030 3086 Hia-

273 3119 408 3218 eyntbi,
436 3117 559 3189 nomine
584 3125 750 3190 Romanae
775 3116 933 3204 Ecclesiae
958 3113 1033 3184 reci·

268 3221 417 3320 pientio,
456 3219 616 3292 attendere
651 3219 696 3290 Θ
735 3217 926 3310 observare.
970 3215 1036 3286 His

269 3319 411 3419 peraiiis
436 3319 594 3394 Dominus
620 3319 823 3416 Hiatyntbus
848 3315 1037 3392 acrbioritute

272 3423 317 3494 D*
342 3421 466 3494 nomine
499 3419 633 3496 Domini
666 3427 776 3518 Papae
802 3421 847 3490 Θ·
871 3429 1037 3494 Romanae

271 3521 456 3616 Ecclesiae,
491 3526 556 3622 qul
583 3521 737 3622 fungitur
771 3523 806 3595 in
818 3523 890 3596 ‘bct
921 3539 1035 3618 parte,

271 3624 391 3698 dilium
427 3624 629 3716 Bonisacium
657 3623 812 3698 Comitem
845 3622 1036 3698 Palatinum

271 3729 312 3799 de
343 3725 504 3822 praebitio
542 3729 651 3800 Feuolo
685 3727 731 3798 (θ’
754 3726 849 3800 terris
875 3729 919 3800 (9·
945 3726 1036 3798 rebus

265 3827 340 3928 jam
363 3825 460 3902 uiuis
488 3853 550 3928 pet
575 3853 724 3930 coppam
750 3843 952 3931 argenteam
980 3823 1030 3896 in·

1145 1501 1296 1592 auxilio,
1335 1502 1556 1592 auiioritate,
1600 1521 1696 1598 atque
1739 1497 1910 1594 consensu.

1146 1601 1369 1694 Praesentibus
1403 1604 1484 1695 bis,
1517 1602 1683 1696 Ansaldo
1703 1599 1883 1700 Praepofito
1897 1654 1923 1692 „

1146 1705 1329 1798 Presbytero
1354 1712 1469 1796 Petro,
1495 1707 1679 1800 Presbytero
1705 1703 1910 1798 Benencasa,

1147 1805 1286 1876 Domino
1309 1809 1456 1898 Savino,
1483 1806 1652 1878 Canoniois
1673 1803 1910 1894 bunnensibus,

1147 1907 1288 1981 Plebana
1312 1909 1352 1980 eie
1377 1911 1552 2004 Malglano
1577 1905 1759 2000 Comitissae
1793 1908 1911 2002 Capel-

1146 2007 1248 2098 iano,
1277 2009 1414 2082 Domino
1444 2011 1599 2084 Ranaldo
1627 2009 1783 2101 Mosaetta
1812 2010 1912 2082 Urbe.

1145 2128 1264 2184 verano
1287 2112 1397 2204 Cive,
1433 2111 1577 2186 Guilone
1602 2112 1642 2184 oie
1666 2117 1765 2182 Porro
1788 2112 1828 2182 oie
1852 2117 1911 2184 A·

1145 2212 1380 2307 quapenicnte,
1407 2215 1562 2286 Ranaldo
1577 2213 1744 2304 Jobannis
1766 2210 1912 2288 Romani.

1076 2295 1109 2369 C
1144 2313 1184 2384 de
1209 2319 1335 2404 Reate,
1362 2315 1499 2388 Domino
1523 2319 1702 2409 Canaooutr
1726 2312 1766 2383 oie
1790 2313 1910 2402 Colle,

1146 2413 1284 2487 Domino
1324 2418 1498 2505 Umberto,
1540 2414 1679 2487 Domino
1712 2413 1834 2504 Comite
1867 2414 1910 2484 do

1145 2514 1334 2606 Maurusio,
1360 2517 1541 2606 Rainerr'o‚
1569 2514 1707 2588 Domino
1732 2514 1911 2588 Beruardi·

1145 2641 1184 2688 no
1217 2618 1258 2688 de
1291 2619 1462 2706 Pinariis,
1498 2618 1635 2690 Domino
1668 2623 1832 2714 Soguarzo
1866 2619 1908 2702 cle

1145 2719 1337 2808 Roecbetta,
1365 2719 1409 2790 θ’
1435 2719 1572 2792 Domino
1599 2717 1768 2816 Uguiciune
1784 2721 1825 2793 ele
1849 2719 1909 2792 tt.

1143 2813 1326 2913 sesomiriffa
1359 2825 1399 2891 de
1432 2817 1597 2916 Gtoffeto,
1632 2819 1760 2908 tesiibus
1784 2815 1830 2894 a'sl
1854 2819 1908 2891 boc

1141 2917 1263 3087 ‘tingatis
1282 2921 1334 3106 ἵ
1357 2922 1507 3094 opsoni,
1535 2921 1580 2994 (θ’
1604 2921 1682 2996 aliis
1707 2921 1818 2996 multis
1844 2921 1908 2996 ibi·

1167 3046 1221 3090 em*
1239 3047 1289 3090 eat
1317 3043 1383 3094 ento
1407 3051 1463 3098 us.

1194 3122 1243 3188 Et
1282 3145 1337 3212 ego
1377 3123 1532 3218 Ugolinus
1567 3123 1751 3196 Guillielmi
1785 3123 1908 3216 Latii,

1135 3215 1224 3307 sacri
1249 3219 1475 3305 Lateranensis
1499 3223 1628 3292 Palatii
1653 3226 1808 3295 Notarius
1834 3253 1906 3298 eon·

1136 3315 1273 3405 siiturus
1291 3318 1425 3410 interfui
1444 3342 1572 3416 rogatus
1592 3321 1636 3390 θ
1647 3323 1818 3418 subscripst
1828 3379 1840 3414 ‚
1860 3327 1905 3396 Θ·

1140 3415 1287 3590 {lupetius
1304 3419 1541 3518 aliquantulum
1570 3419 1710 3516 adjunxi
1735 3425 1780 3493 Θ·
1804 3451 1907 3496 emen.

1168 3547 1249 3596 avr.

1196 3620 1359 3700 Alterius
1390 3619 1479 3700 ritus
1514 3627 1719 3727 exemplum
1753 3621 1905 3724 excerpsi

1145 3724 1165 3796 ὲ
1205 3749 1413 3826 pergamena
1452 3725 1620 3804 existente
1660 3726 1700 3802 in
1741 3717 1907 3824 Archino

1054 3833 1062 3930 Ι
1111 3835 1121 3933 Ι
1146 3823 1297 3904 Estenfi.

271 4075 507 4171 investitura
538 4073 756 4168 multorum
788 4079 983 4170 bonorum
1014 4075 1105 4166 bete
1124 4073 1149 4163 b
1168 4021 1376 4192 Pelegiino
1406 4078 1629 4175 Potrietehe
1656 4081 1907 4202 Aquileiense

325 4197 587 4310 Guocelloni,
607 4198 809 4312 Gabrieli,
831 4206 869 4288 bc
889 4195 1087 4320 Bicqnino
1107 4195 1288 4286 inesibus
1306 4199 1355 4290 dc
1374 4199 1571 4315 Camino,
1589 4209 1712 4292 Anno
1735 4231 1861 4318 ¹195·

270 4431 358 4618 IN
372 4432 495 4508 nomine
514 4431 654 4523 Christi.
674 4441 777 4510 Anno
795 4433 931 4510 Domini
948 4435 1033 4507 Mil·
1076 4434 1107 4506 E

345 4533 450 4620 infimo
483 4535 656 4620 Centesimo
681 4537 891 4633 Nonagefimo
924 4539 1031 4632 Quin·

269 4655 329 4726 to,
364 4634 540 4710 Inditilme
566 4643 659 4714 xm.
684 4639 738 4712 dit
774 4643 865 4714 Vlli.
892 4642 1033 4712 intrante

270 4738 474 4829 Februario,
505 4739 665 4836 presentia
695 4739 847 4816 Domini
873 4741 1032 4816 Comitis

270 4837 438 4916 Manordi
463 4837 507 4916 dc
532 4841 704 4934 Goricia,
739 4842 876 4916 Domini
901 4842 1031 4916 Perieri-

269 4942 300 5014 ti
334 4944 375 5014 eie
409 4942 593 5040 Croucingo,
629 4945 765 5038 Domini
799 4943 960 5018 Wernerii
992 4945 1033 5015 de

270 5043 456 5138 Pultinito,
492 5045 625 5120 Domini
659 5046 802 5120 Conrodi
833 5051 873 5120 de
905 5045 1034 5138 sarilo,

1147 4433 1282 4510 Domini
1305 4433 1490 4510 Ariemani
1513 4431 1651 4532 ejusdem
1675 4437 1761 4532 loci,
1795 4435 1910 4512 Domi·

1142 4535 1185 4607 ¹ni
1210 4536 1372 4610 Gabrielis
1394 4541 1434 4612 de
1462 4543 1593 4632 Prata,
1627 4541 1763 4615 Domini
1786 4537 1909 4614 Albec-

1145 4636 1175 4708 ti
1211 4639 1319 4712 Buebe
1351 4641 1392 4712 de
1425 4643 1633 4734 Coneclano,
1669 4643 1714 4714 (9·
1747 4645 1905 4718 aliorum.

1144 4745 1225 4811 Cum
1266 4738 1418 4816 Domini
1451 4743 1646 4836 wenilo,
1682 4744 1727 4816 G·
1759 4740 1909 4818 Gabrie-

1145 4843 1223 4935 lus,
1256 4843 1301 4914 θ’
1327 4842 1524 4940 Binquinns
1558 4843 1681 4920 fratres
1714 4843 1758 4922 de
1783 4841 1907 4920 Comi·
1958 4853 1965 4864 '

1143 4967 1213 5035 no,
1237 4963 1382 5044 nepotes
1402 4943 1553 5020 Domini
1572 4944 1776 5025 Wezelonis
1793 4943 1907 5042 quon·

1143 5041 1292 5120 demde
1326 5045 1481 5122 Camino
1515 5043 1670 5141 vermem
1703 5071 1814 5162 eoram·
1838 5049 1907 5116 Do·

1769 5172 1854 5216 mimi
