4536 6064
504 405 591 494 735
796 373 1741 468 surrourr.urorrrrr1
1936 396 2028 501 736

440 492 543 570 licite
595 495 817 580 habebatur,
854 525 963 596 quum
1005 461 1204 598 Rugetent
1245 497 1277 567 A
1319 496 1552 594 opprobrium
1586 499 1632 574 iis
1664 497 1885 574 inferebant.
1920 505 2083 602 Denique

437 597 578 674 nobiles
605 599 811 702 sanguinem
839 598 936 674 suum
958 599 1103 674 miscere
1122 627 1202 674 cum
1321 600 1421 672 nulla
1445 601 1535 674 mibi
1563 600 1742 676 dubitatio
1768 601 1837 682 ell,
1863 603 1952 700 quin
1980 609 2084 705 pleri.

437 699 660 778 Libertinis.
688 709 735 776 Et
761 703 800 776 in
827 705 852 776 l.
870 707 1011 775 oratioue
1030 702 1072 799 ff.
1094 705 1134 772 de
1160 704 1201 772 ri·
1320 725 1388 796 que
1406 727 1453 774 err
1470 705 1626 801 antiquis
1654 704 1846 780 Nobilibus
1864 723 1950 780 tunc
1974 701 2083 785 etiam

437 801 498 874 rib.
525 807 666 900 nuptiae.
695 805 715 878 l
745 809 788 878 D.
813 809 938 878 Marco
964 824 1108 878 cautum
1134 802 1202 895 en,
1320 800 1547 877 abborrerent
1572 808 1592 878 i
1621 805 1800 880 miscendo
1828 806 1994 907 languine
2021 812 2084 887 suo

437 902 529 990 utfi
552 909 713 978 sanatoris
740 906 821 1000 filia
848 908 1011 992 Libertina
1037 901 1203 1002 sufflet,
1320 927 1400 978 cum
1428 905 1606 988 Libonis,
1641 927 1702 981 aut
1737 907 1919 984 Libertini
1946 919 2083 1012 generis

438 1031 495 1076 erec
514 1008 644 1104 nuptiae
661 1005 776 1102 effert.
806 1011 956 1082 Nullum
977 1007 1123 1107 inquam
1144 1007 1202 1080 ba·
1318 1003 2084 1116 bominibus‚quemadmodumnostrisquo·

439 1105 563 1183 uenus
599 1111 718 1184 locum
754 1109 897 1192 inveni,
932 1135 977 1184 ex
1013 1137 1084 1208 quo
1120 1135 1200 1182 con»
1318 1132 1387 1204 que
1429 1111 1645 1208 temporibus
1680 1111 1789 1186 iidem
1826 1113 1993 1191 abstinere
2025 1119 2082 1193 so-

440 1209 533 1301 stet,
574 1211 683 1286 medii
720 1211 799 1286 aevi
833 1211 996 1286 homines
1032 1211 1203 1284 delicatos
1317 1209 1392 1281 lent
1418 1211 1438 1282 l
1466 1212 1644 1312 conjugiis
1671 1239 1758 1287 tum·
1778 1211 1847 1304 iis,
1883 1243 1970 1316 quos
2007 1245 2081 1294 non

439 1313 528 1388 adeo
548 1311 648 1388 fuille
667 1313 704 1386 in
725 1313 930 1404 saturando,
954 1339 998 1386 an
1018 1311 1202 1410 quisquam
1317 1309 1368 1383 ita
1396 1311 1530 1410 pridem
1557 1340 1602 1388 ex
1622 1341 1734 1388 ooeno
1759 1313 1922 1400 fortuna,
1945 1339 2004 1394 aut
2021 1323 2081 1396 in.

279 1447 283 1456 ·
440 1441 553 1497 avos,
579 1433 640 1489 aut
668 1441 817 1514 proauos
843 1414 1014 1489 babuillet
1040 1418 1060 1487 ὲ
1090 1414 1200 1487 Servi·
1251 1401 1278 1472 Β
1317 1410 1444 1486 dustria
1470 1415 1611 1488 evexit.
1651 1417 1717 1490 Sed
1754 1443 1797 1492 ne
1837 1417 1905 1492 boc
1933 1423 2079 1519 quidem

440 1513 520 1592 tute
545 1516 583 1590 in
604 1515 826 1592 Libertatem
852 1518 1059 1590 translatos.
1089 1518 1204 1588 Immo
1317 1511 1449 1606 obstat,
1476 1517 1667 1612 quominus
1696 1517 1861 1594 Libertos
1881 1522 2081 1600 barbarico·

440 1645 487 1694 ex
513 1645 585 1717 quo
612 1619 832 1694 Libertatem
861 1616 1044 1716 quisquam
1086 1613 1174 1690 cons
1190 1659 1201 1674 ·
1316 1639 1394 1688 tum
1437 1635 1638 1717 temporum
1675 1643 1862 1718 aequemus
1899 1624 2079 1712 Libertis,

440 1721 636 1820 quebatut,
677 1724 696 1794 ὲ
733 1719 881 1820 vestigio
914 1740 1077 1815 tamquam
1104 1719 1205 1788 Miles
1316 1743 1427 1814 quos,
1453 1717 1538 1792 dum
1567 1723 1725 1794 Romana
1752 1747 1806 1796 res
1832 1720 1983 1811 floruit,
2010 1731 2083 1802 Ita.

436 1823 610 1921 publicus,
636 1823 791 1920 Civisque
809 1831 974 1894 Romanus
993 1819 1204 1900 habebatur,
1314 1817 1366 1892 lia
1392 1819 1510 1894 aluit.
1628 1895 1633 1904 ,
2094 1825 2099 1834 ’

443 1921 610 2026 utsupra
637 1923 792 2020 uidimus
808 1923 866 2040 'in
904 1921 1111 2016 Diplomate
1139 1923 1206 2038 lie:
1369 1921 1440 2040 Ad·
1466 1921 1537 1998 alia
1556 1949 1681 2042 nunu
1699 1925 1932 2044 progredior.
1978 1933 2082 2005 Prae-

384 2031 699 2218 ,iiigi'iixil
723 2027 1031 2223 ltilttiqlll
1051 2020 1203 2196 „llll
1314 2025 2084 2241 lt:‚blltttllllitll‘lllit

442 2229 626 2304 bominem
653 2227 740 2319 elle,
781 2226 967 2326 quamdam
995 2224 1205 2323 importaret
1315 2223 1503 2300 Libertate
1525 2227 1670 2326 quidem
1694 2228 1935 2315 donabantur,
1962 2232 2018 2308 sed
2037 2261 2083 2310 eo

443 2333 636 2406 Nobilitatir
661 2329 832 2430 speciem,
860 2325 1018 2404 Libertis
1037 2325 1117 2426 ipsrs
1137 2325 1202 2400 mi·
1242 2321 1275 2395 C
1317 2324 1447 2423 paiio,
1474 2346 1515 2402 ut
1541 2329 1624 2404 dum
1653 2330 1792 2406 uiueret
1820 2335 2017 2416 Patronus,
2045 2339 2084 2411 ei

444 2435 541 2508 nime
568 2452 733 2534 negatum
771 2429 943 2532 eiusmodi
982 2428 1087 2502 decus
1115 2426 1203 2502 luit.
1319 2423 1531 2504 famulatum
1553 2431 1778 2532 praeliarent.
1798 2437 1907 2534 Apud
1927 2439 2087 2510 Marcol-

446 2533 587 2611 Publici
624 2533 711 2636 juris
746 2531 831 2608 lecit
868 2527 1056 2630 Ugltellius
1082 2533 1203 2604 Tomo
1316 2525 1391 2604 funt
1419 2532 1561 2606 Liba.
1590 2536 1678 2628 Cap.
1712 2558 1771 2631 33.
1799 2536 1942 2631 quidam
1972 2543 2085 2612 Seruo

445 2639 511 2712 IV.
538 2639 618 2712 Ital.
646 2641 737 2722 Sacr.
773 2634 811 2708 in
849 2631 1033 2734 Episcopis
1062 2633 1205 2706 Vercel-
1317 2629 1379 2706 suo
1405 2631 1626 2708 Libertatem
1667 2633 1799 2716 donat,
1840 2641 1881 2706 ri
1904 2639 2088 2710 eruditione

444 2737 596 2814 lenfibus
632 2739 810 2813 decretum
846 2733 981 2810 Leonis
1020 2733 1204 2808 Antistitis
1316 2751 1373 2813 ut,
1397 2736 1474 2802 dure
1498 2731 1672 2810 advisere,
1698 2735 1781 2804 mihi
1802 2735 1991 2826 deservias:
2011 2741 2089 2833 posi

445 2836 1020 2930 vercellenfis,cadanteSecu10
1051 2839 1114 2917 Χ..
1144 2853 1205 2908 aut
1315 2832 1432 2904 obituro
1466 2839 1542 2904 vert
1575 2859 1698 2912 mum,
1740 2833 1773 2922 fi
1815 2836 1912 2906 milri.
1925 2838 2088 2934 superstas

443 2941 589 3018 ineunte
617 2947 678 3013 xl.
707 2937 995 3038 promulgatum,
1023 2961 1082 3036 per
1110 2936 1204 3036 quod
1314 2933 1437 3024 fueris,
1456 2932 1505 3018 fis
1531 2934 1687 3029 ingenuus
1712 2931 1785 3012 &a
1819 2938 1977 3032 peculiare
2010 2965 2084 3012 aa·

441 3043 620 3142 prurientia
646 3047 677 3132 J
679 3040 831 3120 ruditum,
855 3038 991 3110 Cruiurn
1030 3038 1205 3134 affluentia
1317 3031 1409 3128 calfit,
1450 3037 1533 3131 quod
1556 3036 1671 3118 babes,
1710 3057 1774 3106 aut·
1801 3040 1959 3112 elaborare
1994 3061 2085 3138 pete-

444 3171 477 3216 re
491 3149 598 3216 triente
623 3144 667 3216 Θ
692 3141 866 3230 Militum,
907 3139 1059 3238 sppofitit
1084 3147 1200 3212 Evau-
1319 3137 1388 3208 ris.
1414 3139 1520 3211 Hanc
1546 3136 1774 3232 ingenuitatem
1799 3136 1998 3214 Marculfus
2024 3169 2086 3241 ap·

439 3245 540 3346 gaus
554 3247 601 3326 o
627 3245 736 3319 rsus
761 3249 904 3340 regum,
940 3241 1072 3316 cratus
1095 3265 1203 3330 assa
1244 3193 1278 3298 l>
1319 3239 1427 3336 pena
1442 3237 1526 3334 ,pst
1542 3233 1722 3332 russas,
1759 3238 1931 3314 atteram
1957 3243 2002 3317 aa
2028 3246 2083 3316 n-

443 3357 560 3446 Legem
589 3347 690 3440 sellis
715 3345 773 3444 (lr'
797 3369 882 3440 quere·
900 3343 1020 3442 eraut)
1054 3344 1203 3440 legaiiter
1318 3357 1414 3420 teta,
1435 3365 1523 3438 quae
1549 3357 1623 3412 etat
1648 3343 1670 3412 si
1695 3340 1749 3412 elit
1770 3341 1959 3437 prodiente„
1978 3361 2017 3418 ut
2043 3345 2083 3419 in

442 3451 569 3538 intifir‚
605 3449 751 3522 nobiliter
774 3447 1123 3544 reclamassemus,
1161 3445 1202 3518 in
1318 3443 1486 3516 Formula
1508 3440 1754 3539 maceriensis·
1780 3443 1818 3516 ld
1843 3467 1984 3546 quoque
2012 3447 2082 3520 tto-

441 3551 656 3630 Setvitutem
673 3547 850 3652 pristinam
871 3549 1077 3630 revocarit,
1096 3565 1202 3645 quot·
1319 3564 1501 3616 manorum
1523 3541 1782 3636 imperantium
1802 3567 1889 3619 aeuo
1917 3544 2080 3624 usitatum

441 3671 531 3754 quot
557 3669 658 3726 antea
684 3650 783 3724 Servi
802 3665 900 3724 erant
927 3646 1200 3724 EccleliaeVer·
1318 3640 1419 3718 tuille
1446 3669 1541 3718 reor.
1571 3642 1644 3718 sed
1680 3643 1768 3743 quid
1806 3645 1906 3720 e'xtra
1935 3649 2079 3724 ltaliam

443 3751 690 3836 cellensrs‚led
705 3749 985 3851 praecedentium
1000 3750 1200 3825 Praelulum
1318 3742 1431 3828 feror,
1464 3743 1607 3843 quando
1647 3744 1778 3844 praello
1804 3747 1906 3822 uobis
1942 3750 1989 3823 ell
2014 3751 2082 3826 Ai·
2232 3827 2233 3836 χ

443 3853 601 3936 incurii,
628 3852 830 3932 intuitio,
868 3858 890 3922 d
921 3849 1000 3948 iugo
1024 3854 1203 3924 servitutis
1319 3845 1448 3947 stulplti
1468 3847 1781 3946 Langobardorum
1803 3850 1909 3948 Regis
1933 3849 2081 3926 iubant

443 3957 479 4030 ir
518 3955 696 4032 Libertatis
739 3953 950 4027 Natittrarea
988 3951 1203 4039 transserarrt,
1319 3975 1393 4026 retn
1419 3947 1641 4024 disertiffima
1666 3947 1864 4024 senterntiai
1904 3953 1934 4024 [ε
1970 3951 2082 4052 igitur
2232 4035 2233 4038 Ἴ

442 4055 491 4140 &
517 4057 615 4154 ipsam
641 4055 810 4141 Errlrfiaru
835 4055 871 4126 iu
895 4053 1001 4146 derisu
1026 4053 1074 4136 (γ’
1096 4054 1205 4152 ὀιῘρσ,
1319 4049 1512 4128 {latuirrin
1546 4053 1927 4149 iurge'xn'litfipuir
1951 4061 2080 4153 Lnga*
2167 4063 2174 4072 '
2232 4047 2233 4056 ¹

444 4157 500 4231 liu
524 4159 704 4231 habebant.
733 4162 864 4230 Verum
892 4157 1035 4254 quidem
1052 4155 1129 4238 alt,
1165 4157 1203 4231 in
1248 4149 1277 4218 Ε
1320 4151 1445 4228 barras
1469 4152 1662 4247 pertinenter
1685 4153 1766 4244 'sarr
1799 4153 1893 4252 (ita
1928 4156 2083 4256 appella·

444 4257 570 4334 iisdem
596 4258 728 4334 tabulis
753 4257 868 4332 tellari
894 4257 1134 4358 Episcopum,
1161 4257 1204 4334 ab
1272 4331 1274 4338 ,
1321 4253 1449 4328 bantur
1473 4251 1650 4326 interdum
1679 4253 1810 4353 Serui)
1847 4255 1998 4354 tbiirgare
2021 4285 2079 4330 ve·

443 4355 615 4459 ejusmodi
644 4359 823 4441 Libertis.‚
849 4359 944 4456 quod
969 4360 1131 4455 aliquibus
1151 4359 1205 4430 di·
1301 4355 1422 4426 luerir
1444 4351 1626 4448 (horest,
1653 4355 1839 4430 Libertate
1856 4357 2016 4458 donare)
2047 4361 2081 4430 ia

406 4537 409 4544 ,
443 4459 542 4534 vitiis
568 4458 679 4552 inflati
704 4459 831 4541 ell'ent,
854 4461 1031 4556 'inquinati
1056 4459 1205 4534 Nobiles.
1319 4475 1466 4551 quartam
1498 4453 1627 4556 manuni
1653 4460 1796 4538 dendus
1833 4455 1882 4536 (φ’
1905 4463 2081 4533 stanuum

444 4563 501 4638 At
526 4557 613 4634 illud
639 4556 789 4632 sortaffis
823 4557 1005 4642 additum,
1044 4561 1129 4659 quia
1168 4559 1205 4633 id
1321 4555 1397 4652 r'pfit
1419 4556 1549 4646 feeerit,
1591 4559 1635 4628 (7
1654 4557 1722 4641 fibi
1746 4561 1956 4649 reservaverit
1976 4563 2082 4654 serui·

445 4685 555 4765 genus
581 4657 743 4736 homines
768 4655 926 4758 legitimi
961 4661 1104 4734 Liberti
1140 4661 1207 4734 mi·
1318 4657 1400 4728 tium
1425 4656 1581 4752 ipsorum,
1620 4661 1696 4730 duur
1730 4663 1916 4744 advixerit,
1957 4661 2005 4742 &¹
2028 4667 2083 4736 ra

445 4766 545 4840 bime
571 4761 772 4851 euaserant,
805 4784 915 4860 quum
951 4759 1206 4834 reluilantibus
1318 4759 1476 4839 ereverit,
1502 4779 1539 4829 ut
1560 4759 1630 4853 post
1654 4762 1773 4834 obitura
1795 4763 1976 4857 esurum·
1992 4765 2079 4850 fiat,

445 4865 603 4967 Legibus
629 4863 812 4940 Libertate
837 4859 984 4952 donati,
1012 4859 1112 4936 Servi
1140 4862 1207 4937 elie
1310 4860 1429 4946 flabile
1462 4858 1576 4934 debeat
1612 4883 1806 4953 permanere:
1826 4864 2002 4955 secuudum
2028 4877 2083 4938 'tr-

446 4989 520 5042 non
538 4965 752 5054 deliberent,
776 4991 815 5040 ac
840 4981 1023 5064 propterea
1051 4961 1207 5038 affinita-
1317 4981 1406 5034 astruo
1423 4961 1582 5044 Chartae,
1608 4973 1703 5059 quim
1724 4966 1761 5035 ei
1775 4966 1939 5056 srcitttrr.
1970 4967 2085 5042 Hoste

445 5085 520 5144 tem
538 5065 602 5145 fibi
622 5091 702 5142 tum
726 5066 920 5142 Nobilibus
938 5063 1207 5166 conquirentes,
1315 5060 1485 5139 Libertus
1497 5062 1630 5138 Latinis
1637 5069 1677 5157 J
1678 5066 1830 5162 unieris,
1855 5093 1896 5142 ae
1910 5069 2083 5160 Drdiritiir

1905 5193 2027 5267 aequu-
