4594 6070
337 379 416 452 tot
608 358 1094 452 DlSSERTATIO
1155 355 1570 446 UNDECIMA'.
1769 368 1852 442 262

276 473 366 574 iam,
400 505 460 579 que
483 481 575 580 „alpe
601 485 709 555 Plana
732 481 876 572 dicitur,
912 477 1037 552 cunila·
1076 481 1113 553 A
1149 475 1329 550 Civitatem
1355 477 1400 546 &¹
1425 493 1515 545 extra
1539 475 1584 546 ad
1618 473 1719 570 ipsum
1753 470 1918 557 Monasle·

270 582 350 680 sque
375 609 422 654 res
447 585 493 656 ael
510 587 646 663 ,eandem
671 589 795 655 Cottam
817 583 1038 679 pertinentes,
1150 579 1233 649 rium
1256 578 1413 674 pertinere
1437 575 1615 647 vitientur.
1650 580 1785 645 Portum
1817 572 1919 646 etiam

278 691 334 758 net
368 684 553 782 aspicimus
586 687 622 756 in
661 684 901 782 quibuscumque
938 682 1038 772 locis,
1151 679 1353 772 Relatiolum
1386 679 1484 776 longo
1505 698 1639 772 tempere
1664 677 1706 748 ab
1740 673 1806 771 ipso
1841 677 1919 746 Mo·

279 811 347 860 cum
372 785 541 858 territoriis
565 786 610 856 Gr
626 784 754 878 finibus
775 807 833 883 per
857 791 1040 881 Rreseptnm
1152 780 1286 869 nastetic
1326 801 1474 870 tentum,
1514 801 1692 874 omnnnque
1732 797 1847 848 terram
1882 774 1920 846 in

278 885 504 986 Liudprandi
543 887 672 984 Regis,
709 908 768 984 per
800 886 935 984 stngula
974 885 1041 958 lora
1130 883 1319 980 ,campania
1344 879 1511 981 Papienfis
1538 879 1631 952 Urbis
1653 876 1830 972 iacentem,
1861 874 1920 969 ju·

279 988 508 1080 denuncietis,
543 989 599 1060 vel
624 990 791 1062 eamndem
817 1013 919 1060 rerum
946 987 1039 1058 Deci·
1145 984 1254 1081 sieque
1289 985 1371 1057 inibi
1402 981 1634 1081 pertinentem,
1652 979 1715 1074 vlb*
1750 977 1918 1050 Decimus.

281 1117 372 1178 mas,
398 1115 457 1186 qne
481 1111 667 1186 quocumque
691 1091 780 1161 modo
805 1089 890 1162 inibi
916 1090 1040 1160 labora·
1155 1091 1323 1160 Donamus
1348 1086 1445 1160 etiam
1480 1085 1525 1156 (9⁹
1558 1083 1783 1154 corroboramus
1818 1077 1921 1148 eidem

281 1205 313 1264 te
329 1189 451 1283 fiunt:
485 1192 529 1261 (⁹¹
555 1189 747 1282 Ecclesiam,
783 1217 843 1288 quc
869 1190 1046 1262 inhonore
1153 1189 1333 1262 venerabili
1358 1191 1422 1260 loco
1446 1207 1572 1275 terras,
1607 1207 1687 1280 quas
1713 1179 1922 1278 inpartibus

281 1291 396 1365 Sancti
420 1291 601 1389 Augullini
626 1319 687 1362 non
715 1293 807 1388 longe
832 1296 854 1362 ὸ
880 1289 1044 1383 Januenfi
1154 1288 1265 1382 Tuscie
1297 1290 1429 1362 violetur
1462 1289 1572 1360 babere
1602 1308 1660 1382 per
1693 1283 1834 1374 diversos
1858 1286 1924 1352 Ct-

281 1392 429 1466 Cinitate
468 1391 638 1480 conflrubla
675 1393 718 1481 cll
754 1397 797 1466 ab
831 1393 896 1488 ipso
931 1389 1042 1466 Liud·
1086 1385 1115 1454 Β
1156 1391 1289 1464 miratus
1315 1395 1360 1464 Θ
1395 1392 1481 1464 loca.
1516 1395 1611 1462 Duas
1645 1387 1742 1460 ctiam
1768 1381 1923 1458 Corticel·

280 1493 416 1595 prtndo
451 1493 602 1593 prediffi
637 1494 792 1567 Cenobii
828 1492 1014 1566 fundatore
1029 1516 1055 1590 3.
1154 1493 1226 1582 las,
1268 1495 1445 1566 Maliatem
1479 1491 1600 1584 seilicet
1635 1489 1679 1560 θ
1713 1486 1923 1560 Calauotlum

281 1597 367 1668 alias
391 1619 509 1691 quoque
533 1601 665 1686 Cartes,
690 1621 750 1692 que
767 1594 975 1668 lardiriacus
1000 1595 1045 1664 Θ
1155 1620 1223 1666 urm
1257 1593 1411 1690 Soffello,
1448 1595 1492 1664 et
1526 1599 1648 1679 Leuca,
1684 1611 1779 1686 atque
1804 1588 1923 1683 Capel-

283 1695 460 1787 Villarasca
484 1697 659 1787 dicuntur,
691 1697 736 1766 Θ·
760 1695 897 1790 mansa,
925 1694 1045 1793 quein
1101 1697 1104 1704 ’
1155 1697 1218 1783 la,
1253 1723 1312 1794 que
1338 1695 1380 1784 eli
1406 1694 1441 1766 iu
1467 1695 1579 1766 bonore
1602 1690 1741 1765 Saublae
1768 1687 1832 1762 Dei
1857 1693 1923 1759 Ge·

280 1796 424 1872 Reverti
445 1795 577 1890 jacent,
602 1799 647 1868 (θ’
664 1803 758 1870 Corte
775 1797 950 1892 Crefflani,
977 1805 1043 1868 Tu·
1156 1797 1281 1870 nitricis
1307 1797 1462 1888 Mariae,
1495 1823 1554 1892 qut
1587 1796 1707 1866 dicitur
1731 1790 1923 1882 Primasta‚

285 1899 383 1988 tine,
419 1899 637 1989 Gerontiano,
666 1903 710 1970 (9¹
737 1901 771 1972 in
799 1901 955 1972 Cassiano
980 1904 1044 1970 Ec·
1156 1925 1215 1996 qne
1248 1899 1421 1988 conilrubla
1454 1901 1497 1987 eli
1532 1898 1567 1968 iu
1605 1895 1696 1968 Valle
1730 1893 1920 1982 Belizcna3

282 1997 405 2084 cleſsam
430 2025 527 2074 unam
558 2001 674 2072 Sanlic
699 2009 731 2093 J
732 2001 840 2073 uliane
865 2028 933 2072 tum
959 2001 1046 2072 omni
1158 2003 1202 2072 eb
1229 2005 1306 2075 illas
1331 2022 1453 2090 terras,
1480 2027 1540 2098 que
1564 1998 1680 2072 babere
1700 1993 1806 2087 visum
1823 1992 1866 2080 esi
1885 1989 1923 2063 in

282 2099 412 2174 bonam.
448 2099 643 2196 Poss‘effioees
668 2103 785 2194 etiam,
821 2127 899 2200 quas
934 2104 1047 2174 habete
1158 2106 1300 2204 Beligrtc
1323 2105 1367 2176 (θ’
1394 2106 1428 2174 in
1455 2100 1657 2190 Livcntina,
1683 2124 1752 2170 cum
1777 2094 1924 2168 omuibus

281 2201 412 2272 vitan
446 2201 482 2272 in
516 2202 675 2288 unicust
709 2203 873 2275 Comitatu
899 2205 943 2274 θ’
968 2211 1044 2276 Pcr-
1151 2209 1223 2300 suis
1254 2205 1482 2303 pertinentiis.
1518 2213 1643 2276 Cottam
1679 2201 1826 2294 insuper,
1861 2221 1924 2292 que

279 2300 445 2398 gano-fi,
460 2301 611 2376 videlicet
625 2305 827 2402 Ansencngo
842 2331 912 2378 cum
929 2313 1043 2394 Certe,
1085 2293 1118 2366 C
1159 2316 1313 2406 Vergento
1353 2307 1493 2400 dicitur,
1533 2307 1577 2376 θ
1615 2302 1824 2395 Posteriora,
1861 2321 1923 2393 qut

282 2426 342 2500 que
373 2402 510 2476 Planta
542 2405 686 2496 dicitnr,
722 2433 791 2477 sum
825 2408 970 2478 omnibus
1003 2407 1049 2479 ab
1155 2412 1199 2502 est
1224 2413 1259 2484 in
1285 2420 1422 2486 Tanna.

281 2529 352 2576 eam
374 2503 627 2600 pertinentibus,
654 2507 698 2576 6·
721 2506 836 2598 Casale
853 2509 968 2580 saneti
986 2515 1047 2579 Pe·
1205 2519 1387 2587 statuimus
1412 2512 1558 2610 insuper,
1585 2507 1631 2580 (9·
1654 2504 1757 2578 mobis
1778 2499 1923 2576 omuibus

281 2605 355 2694 tri,
383 2605 565 2698 &casale
589 2607 772 2698 Aribalsli,
800 2609 844 2678 Θ·
870 2611 1047 2697 Castellum
1153 2615 1328 2708 ansanus,
1346 2616 1536 2712 precipimus
1553 2639 1590 2683 ac
1600 2607 1768 2700 iubemus,
1783 2607 1825 2689 Θ
1838 2601 1922 2698 just·¹

281 2705 446 2779 fichardo·
484 2707 522 2780 in
558 2706 723 2782 Coitiratu
761 2709 927 2796 Parmensi
951 2739 981 2805 ,¹
1004 2713 1048 2782 θ
1153 2737 1190 2790 ta
1216 2717 1385 2806 noluetum
1410 2709 1646 2808 Anteceffttum
1680 2717 1830 2805 Regum,
1865 2704 1924 2776 vel

282 2809 366 2904 qued
390 2807 504 2900 casale
528 2809 657 2896 Sindrst
680 2811 821 2903 licitur,
854 2839 924 2886 cum
948 2817 1045 2888 unni·
1154 2823 1380 2916 Imperatorem
1392 2812 1732 2906 arbitritatefirmittr
1746 2809 1921 2897 edicimus,

284 2911 342 3025 bus
368 2912 478 2997 rebus,
504 2915 559 2979 nel
585 2935 691 3027 earum
712 2915 937 3006 pertinentiis.
965 2919 1048 2992 lllas
1154 2939 1190 2992 ut
1216 2923 1326 2992 nullus
1350 2918 1637 3014 Arcbiepiscopus,
1663 2913 1772 2985 nullus
1790 2909 1923 3008 Episco-

284 3029 382 3080 ctram
408 3029 528 3125 tutas,
563 3033 623 3105 qne
657 3037 691 3080 ns
727 3011 870 3082 Luciam
895 3016 939 3082 (θ’
964 3021 1046 3110 spa·
1153 3042 1240 3114 pus,
1266 3024 1376 3092 nullus
1402 3020 1576 3107 Marcbio,
1612 3015 1668 3088 vel
1694 3019 1831 3103 Comes,
1863 3029 1923 3084 aus

284 3109 397 3198 riano,
419 3109 463 3179 Θ
481 3137 514 3180 nt
534 3108 667 3194 Rofimi
681 3111 835 3206 ptffidet,
861 3139 931 3184 tum
947 3117 1046 3186 tmni·
1158 3120 1345 3207 Vicccomes,
1372 3140 1430 3190 aet
1452 3119 1640 3206 Galialclio,
1659 3115 1734 3202 fave
1750 3111 1924 3208 cujuscum-

284 3213 343 3283 bus
377 3210 610 3308 circumquaque
643 3210 889 3306 adjacentibus,
926 3215 971 3285 Ο·
1005 3219 1049 3287 acl
1087 3211 1120 3279 D
1155 3245 1215 3316 que
1233 3217 1483 3307 Minijlrrialis,
1504 3217 1654 3312 nullaque
1669 3214 1847 3306 judiciaria
1865 3237 1924 3311 po·

284 3313 395 3384 adem
428 3313 496 3382 loca
529 3311 782 3408 respicientibus.
817 3314 1048 3408 Confirmamus
1129 3319 1280 3410 'tesias,·
1298 3321 1356 3390 vel
1377 3315 1780 3414 ReipublicaeMiuijler,
1800 3316 1835 3386 iu
1850 3336 1926 3410 pre.

285 3413 414 3513 insuper
434 3413 594 3510 prelibato
619 3415 771 3486 Caenobio
795 3437 891 3514 atque
915 3421 1048 3493 Abbati
1072 3383 1079 3497 l
1157 3419 1257 3493 lillis
1282 3419 1460 3510 Curribus,
1490 3416 1635 3514 prediis,
1669 3413 1923 3512 psffefflonibus,

285 3520 412 3588 Ctrtem
446 3521 636 3607 Pavonem,
669 3543 723 3588 nec
758 3543 819 3588 nen
855 3522 902 3590 δ’
926 3522 1045 3614 illam,
1135 3523 1210 3618 seu
1237 3523 1272 3594 in
1298 3522 1460 3620 aliquibus
1486 3517 1560 3593 locis
1585 3518 1710 3614 prefato
1742 3516 1927 3590 venerabili

284 3640 345 3712 quc
378 3621 412 3687 in
448 3620 605 3689 Roborcto
635 3617 754 3690 dicitnr
787 3625 882 3692 Corte
916 3627 1045 3721 Regia,
1158 3627 1221 3698 laco
1243 3623 1502 3721 pertinentibus,
1528 3621 1681 3714 placitum
1705 3639 1833 3711 tencre,
1868 3618 1924 3690 vel

286 3719 331 3786 θ’
355 3717 526 3804 Ecclesiam
560 3718 678 3790 Sanble
701 3722 813 3792 Maria
838 3725 878 3794 de
903 3727 1044 3824 Tergui,
1158 3727 1335 3816 slislriblum
1356 3725 1484 3816 facere,
1503 3721 1578 3810 five
1599 3721 1750 3813 sedtum,
1777 3740 1834 3794 aut
1859 3718 1925 3792 ali·

284 3843 354 3889 tum
386 3819 528 3890 omnibus
558 3821 761 3915 pertinentiis
787 3824 832 3892 (⁹¹
856 3825 1047 3922 adjacentiis
1159 3853 1254 3926 quam
1283 3827 1475 3919 firnbliontnt
1506 3824 1693 3923 publicam,
1727 3823 1783 3896 vel
1817 3822 1925 3894 reddi·

278 3917 376 4012 fisis,
402 3920 616 4013 molendinis,
647 3922 873 4020 piscationibus
893 3927 985 4018 suis,
1010 3959 1046 4001 a·
1160 3953 1252 4023 tum,
1287 3935 1310 4002 ci
1329 3926 1582 4027 supralibierum
1606 3926 1738 3998 lectrum
1763 3925 1925 3998 babitato·

284 4019 382 4118 quis,
417 4047 630 4121 aquarumque
654 4023 856 4115 decurssbus,
883 4030 977 4100 celtis
1003 4031 1047 4100 (θ’
1161 4034 1275 4122 ribus,
1301 4032 1360 4102 vel
1381 4029 1612 4126 penitentibus
1637 4029 1758 4124 exigere
1782 4027 1838 4096 vel
1862 4025 1925 4102 sak

285 4123 416 4228 incultis
457 4126 573 4214 rebus,
612 4127 797 4222 ubicumque
832 4130 965 4201 locorum
1003 4133 1049 4204 ad
1094 4117 1123 4188 Ε
1160 4135 1251 4224 lere,
1287 4135 1404 4204 remotb
1428 4131 1513 4204 omni
1537 4126 1714 4219 occasune,
1744 4126 1924 4223 presumat.

286 4223 408 4318 easdem
432 4231 541 4298 Certes
561 4227 824 4324 pcrtinentibus:
849 4231 894 4301 U*
918 4233 1046 4324 onmia,
1163 4238 1251 4308 Inter
1284 4255 1385 4308 cetera
1418 4249 1525 4304 tamen
1558 4230 1614 4304 boc
1641 4227 1825 4324 specialiter
1851 4227 1924 4315 sta-

285 4326 404 4422 quein
432 4332 548 4400 Monte
574 4333 737 4417 farrato,
773 4331 817 4400 Θ
842 4357 901 4428 que
927 4336 961 4404 in
987 4341 1046 4406 Co·
1162 4337 1317 4408 tuentium
1348 4332 1521 4424 sensuimus
1539 4387 1553 4424 ,
1574 4351 1640 4413 ut,
1656 4337 1781 4404 cortem
1813 4330 1924 4425 precli·

285 4427 403 4500 miratu
423 4428 607 4516 Vercellenst
628 4431 673 4500 (θ’
695 4433 908 4529 thregienli,
928 4438 972 4506 θ
990 4464 1048 4532 que
1163 4437 1268 4528 biam,
1294 4463 1353 4534 quc
1381 4434 1527 4510 Maliaco
1546 4433 1687 4524 dicitur,
1700 4431 1757 4506 vel
1774 4431 1928 4530 quicquid

285 4525 324 4600 in
358 4529 551 4615 Novariauli
574 4534 620 4602 aa
653 4533 785 4603 eundem
818 4535 917 4608 lacum
947 4540 1046 4634 perti·
1155 4539 1230 4636 sept
1253 4537 1374 4612 lilium
1399 4529 1629 4624 Mttasltrittm
1664 4535 1699 4608 iu
1735 4533 1828 4606 Valle
1856 4542 1924 4606 Lu·

286 4649 386 4722 nent,
419 4631 464 4702 (9·
488 4633 608 4726 quein
642 4635 767 4724 Calelle
800 4635 844 4708 Φ
879 4639 914 4710 in
950 4646 1049 4710 Ponte
1162 4668 1274 4735 vana,
1310 4643 1355 4713 ὰ
1388 4640 1422 4712 in
1449 4640 1543 4712 Valle
1566 4645 1669 4736 dgna
1692 4637 1806 4710 babere
1830 4636 1924 4706 oide-

285 4731 418 4804 Carioni
429 4787 440 4823 ,
477 4733 522 4805 θ
557 4735 594 4806 in
626 4735 782 4809 solariolo
816 4738 901 4810 idem
933 4746 1047 4812 Coeno·
1162 4763 1240 4832 tur,
1260 4744 1404 4840 precipue
1428 4762 1593 4828 tutamur,
1629 4739 1776 4835 qusniam
1801 4737 1854 4811 btt
1877 4737 1926 4804 lv·

285 4834 374 4908 bium
394 4835 546 4930 poffidere
567 4837 675 4929 visum
699 4835 761 4926 eli.
788 4845 912 4912 Cortem
930 4845 1048 4933 etiam,
1162 4871 1199 4916 ca
1224 4846 1307 4918 inter
1339 4867 1464 4934 cetera,
1499 4840 1623 4928 majora
1648 4841 1692 4912 (9·
1713 4837 1852 4930 βηίᾳνα,
1872 4835 1926 4908 in-

285 4959 346 5032 qut
369 4937 479 5008 Diane
502 4937 642 5028 dicitur,
677 4940 712 5010 in
738 4939 901 5015 Comitatu
925 4945 1048 5016 orteia·
1158 4944 1305 5033 littunie'r
1326 4962 1421 5041 atque
1435 4942 1601 5030 molestias
1618 4940 1855 5032 sustinuerunt·
1890 4937 1924 5006 Ῑ·

278 5035 438 5134 gerensi,
464 5039 509 5112 0·
533 5066 571 5113 ca
596 5040 723 5132 annia,
756 5067 814 5139 qne
838 5043 925 5134 infra
951 5045 1051 5142 ipsam
1162 5048 1276 5143 aesque
1296 5046 1486 5143 precipimus
1510 5045 1555 5120 Φ
1571 5041 1816 5155 quibuscumque·⁴
1825 5035 1926 5108 inter.

1768 5163 1873 5210 mma·
