4594 6070
436 382 520 468 259
730 351 1145 474 nuncnunc.
1191 353 1430 445 nnnrr
1477 356 1658 448 aaut

1868 362 1957 454 ate
2006 482 2013 498 ¹

374 469 594 546 madvertere
629 469 751 572 juvat,
787 501 876 572 quae
910 479 1137 552 Gualvaneus
1177 477 1209 550 A
1243 473 1303 550 sto
1330 475 1493 550 Domino
1512 495 1636 552 contra
1654 501 1914 576 quemcumque
1934 495 2013 552 tue·

373 561 417 641 de
435 571 470 644 lo
491 573 651 648 Flamma
665 572 704 646 in
718 574 917 676 ‘Monipulo
936 577 1032 651 Flos.
1046 580 1135 677 Cap.

373 690 461 745 201.
488 671 600 746 Tomi
636 678 700 750 Xl.
737 679 817 750 Rer.
849 678 1004 754 Italicos.
1031 677 1137 753 habet

375 769 420 844 de
462 772 746 850 reaedificatione
788 779 992 854 Mediolani
1028 783 1138 855 Anno

371 871 839 974 Mchv11.perattt‚&
867 881 1051 958 restaurati
1075 908 1134 956 no·

276 979 279 984 '
373 971 563 1048 biliffimae
591 977 700 1075 Urbis
728 979 904 1080 dignitate
933 1001 1039 1082 atque
1075 1009 1133 1082 po·

369 1073 504 1148 cenric.
532 1080 659 1167 Tunc,
687 1078 761 1172 ait,
786 1083 937 1178 privatur
958 1085 1028 1175 suis
1048 1083 1133 1178 juri·

372 1176 433 1246 bus
454 1199 543 1274 pars
559 1180 804 1276 Capitauebtum
831 1189 875 1254 (r
902 1183 1135 1278 Mallorum,

370 1275 443 1371 jam
478 1279 581 1352 tribus
606 1283 732 1354 vicibus
764 1306 821 1380 per
846 1289 1001 1383 Populum
1035 1293 1134 1359 exclu-

1243 576 1295 650 ri.
1332 577 1449 650 Multi
1477 576 1556 652 sane
1592 577 1687 654 fuere
1723 605 1767 654 ex
1803 577 1897 652 hisce
1925 574 2014 652 Vos·

1245 675 1341 752 sollis
1356 677 1483 778 infigni
1499 678 1715 754 Monallerio
1729 677 1911 756 Ticinenfi
1924 683 2011 750 Sars·

1244 777 1290 850 b'ls‘
1323 779 1505 877 Augustini
1540 781 1576 852 iu
1610 783 1703 852 Coelo
1736 787 1874 871 Aureo,
1913 777 2012 877 quod

1245 878 1378 954 alicubi
1404 879 1513 956 etiam
1541 883 1758 981 appellatum
1787 879 1863 954 vidi
1899 883 2010 952 Cellae

1244 987 1401 1074 Aureae,
1443 981 1504 1056 ubi
1540 982 1660 1058 sancti
1697 980 1888 1080 Augustini
1923 979 2010 1076 Epi·

1246 1079 1342 1182 scopi
1369 1100 1475 1181 atque
1510 1082 1800 1184 incomparabilis
1836 1077 2012 1154 Ecclefiae

1248 1181 1414 1258 nonoris
1449 1184 1520 1258 offe
1555 1185 1781 1259 conduntur.
1816 1182 1907 1256 vidi
1942 1206 2011 1281 ego

1245 1283 1284 1357 in
1310 1284 1507 1360 Tabulatio
1532 1285 1685 1384 ejusdem
1712 1282 1919 1375 Coenohii‚
1955 1301 2010 1356 at·

366 1375 431 1469 sa,
467 1405 546 1474 quae
571 1383 646 1452 totis
679 1385 806 1458 viribus
831 1389 1010 1460 Civitatem
1045 1387 1137 1477 istam
1175 1381 1202 1452 Β
1245 1411 1313 1481 que
1348 1385 1507 1486 descripfi
1544 1387 1713 1480 Diploma
1749 1382 2008 1486 autographum

373 1478 598 1568 infestaverat.
626 1485 786 1558 Civitatis
810 1488 1061 1576 Mediolanensts
1080 1490 1136 1580 sa·

372 1579 420 1652 lli
438 1583 519 1674 sunt
544 1585 622 1655 novi
647 1587 856 1662 habitatores.
891 1591 990 1662 Nulli
1020 1613 1135 1687 paren·

371 1683 455 1754 telae
481 1685 604 1757 licitum
627 1687 695 1776 {uit
718 1689 819 1760 dicere
843 1692 989 1788 deinceps
1017 1694 1054 1784 se
1078 1693 1131 1762 ba·

373 1785 443 1856 bere
477 1785 648 1882 ¹sauguinis
683 1787 844 1880 judicium
881 1793 972 1888 super
1013 1790 1132 1886 Vaffal·

370 1885 465 1972 lum,
502 1891 585 1958 unde
621 1887 756 1982 Vaffalli
785 1893 820 1980 se
857 1891 1054 1985 Valvaffores
1079 1890 1136 1987 effe

371 1985 612 2090 confinxerunt..
648 1991 726 2062 Sola
762 1999 882 2066 Domus
918 1995 1135 2066 Virecomitum

369 2085 452 2158 hanc
487 2091 684 2162 nobilitatem
719 2095 875 2182 retinuit,
911 2095 956 2166 (9·
982 2093 1135 2192 Vaffallos

369 2189 482 2260 babere
503 2193 610 2286 potnit
633 2213 759 2288 propter
785 2195 1005 2287 fidelitatem,
1039 2223 1134 2296 quam

1246 1486 1404 1560 conradi
1429 1491 1457 1561 1.
1477 1488 1650 1587 Augusti,
1676 1485 1921 1564 confirmantis
1940 1485 2009 1560 Al·

1247 1586 1324 1687 piso
1351 1586 1439 1662 socri
1465 1587 1541 1687 ejus
1567 1588 1640 1662 loci
1667 1587 1803 1664 Abbati
1833 1585 1929 1662 intes
1954 1611 2011 1660 ce·

1247 1705 1321 1762 teto
1346 1715 1451 1760 amnes
1486 1691 1563 1764 illas
1597 1697 1732 1781 Cretes,
1767 1714 1846 1785 quas
1880 1685 2011 1784 quisque

1246 1789 1341 1887 usque
1367 1793 1454 1862 modo
1480 1790 1673 1883 Beneficiali
1708 1793 1816 1862 ordine
1840 1789 2010 1877 detinuit,

1249 1894 1293 1962 Θ·
1318 1919 1398 1992 quat
1426 1890 1633 1988 Vaffallorum
1657 1893 1860 1965 dicebantur.
1885 1891 1940 1984 En
1969 1906 2010 1962 ut

1248 1997 1356 2066 Cretes
1397 2019 1467 2066 nott
1494 1995 1628 2068 Alledii
1661 1991 1834 2067 duntaxat
1869 1989 2011 2078 titulo,

1247 2093 1341 2190 quod
1383 2091 1482 2188 supra
1518 2093 1653 2168 tenluit
1685 2091 1915 2182 sirmondus,
1951 2088 2009 2162 sed

1246 2197 1281 2268 &
1318 2193 1474 2286 Beneficii
1507 2195 1597 2268 olim
1632 2192 1920 2295 poffidebantut.
1955 2194 2021 2292 Ut¹

370 2289 483 2360 babuit
502 2294 548 2362 ad
564 2293 743 2365 Civitatem
767 2299 1053 2388 Mediolanensem.
1075 2298 1132 2374 Ad
1173 2285 1205 2358 C
1248 2313 1373 2378 autem,
1386 2314 1527 2390 pateat,
1552 2314 1683 2394 quanta
1702 2315 1787 2372 tunc
1807 2293 1898 2368 foret
1917 2295 2009 2408 Coe·

1247 2398 1349 2472 nobii
1376 2398 1478 2472 illius
1502 2397 1536 2470 di
1566 2397 1657 2472 nitas
1683 2413 1788 2494 atque
1825 2413 2008 2490 perenna,

1216 2505 1224 2658 Ι
1243 2501 1473 2600 Praeceptum
1499 2425 1562 2598 ipi

369 2387 456 2464 haec
484 2392 719 2466 vallanorum
751 2398 976 2484 praecipuum
1006 2427 1133 2476 munus

369 2489 441 2564 fuit
469 2519 532 2588 pto
560 2494 719 2568 Domino
748 2497 856 2571 Feudi
880 2499 1060 2597 ¹insurgere
1088 2503 1130 2576 od

372 2615 487 2684 mma,
529 2613 589 2669 out
624 2595 737 2696 ipsum
766 2601 922 2676 feudum
950 2629 1014 2701 pro
1040 2604 1130 2678 dire·

1555 2523 1615 2572 um
1641 2497 1787 2572 educere
1811 2491 1999 2594 praestan?

387 2821 576 2920 ‘Contodi
610 2841 640 2920 l.
673 2831 923 2952 Imperatoris
955 2839 1211 2956 Privilegium
1243 2835 1583 2926 confirmatorium
1613 2833 1796 2922 omnium
1830 2828 1978 2942 jasium

559 2953 790 3042 Monastetii
821 2957 1039 3046 Ticinensts
1071 2959 1203 3046 sanni
1238 2956 1365 3068 Petri,
1394 2958 1501 3070 quod
1531 2953 1747 3070 appellatus
1774 2949 1819 3038 in

873 3077 1002 3164 Coelo
1033 3082 1193 3164 Aureo.
1224 3080 1349 3160 Anno
1382 3097 1508 3187 1033.

422 3310 460 3380 N
483 3307 607 3380 nomine
641 3309 759 3382 Sanbie
783 3311 827 3382 Θ
853 3311 1025 3388 individue
1059 3311 1135 3386 Tri·
1175 3312 1212 3382 D
1242 3311 1409 3401 Cocles,
1443 3333 1513 3408 que
1547 3303 1655 3405 usquc
1690 3305 1798 3380 modo
1833 3307 2006 3382 Vaffallo·

447 3409 584 3485 uitatis.
619 3413 828 3486 Cbuouradus
852 3416 972 3488 arvial
1003 3415 1138 3505 favente

374 3509 540 3583 clementii
568 3517 740 3610 Imperator
763 3517 956 3609 Augustus.
992 3519 1032 3590 Si
1056 3518 1138 3592 circa

371 3610 441 3684 loco
481 3618 550 3684 Deo
582 3616 691 3686 dicata
730 3615 980 3708 munificentiam
1019 3619 1139 3706 nollrae

372 3712 586 3808 benignitatis
620 3715 802 3809 largimur,
837 3719 989 3792 credimus
1013 3722 1068 3792 boc
1092 3721 1139 3796 ad

371 3819 559 3906 Regnorum
589 3813 712 3902 statum
747 3817 940 3908 nostrorum,
980 3821 1138 3920 nostreque

373 3913 479 3986 anime
495 3916 639 4011 salutem
664 3916 832 4014 proficere.
869 3925 985 3996 Idcirco
1012 3923 1137 3996 noverit

373 4015 514 4086 omniunt
531 4013 682 4108 fidelium
700 4021 898 4096 Sanble'Dei
916 4025 1052 4110 Ecclesie
1069 4047 1137 4098 tam

369 4115 564 4213 presentium
589 4145 684 4216 quam
704 4121 885 4212 suturarum
916 4127 1135 4220 ¹urrinerfitus,

1242 3438 1320 3498 tum
1356 3409 1565 3484 dicebantur
1574 3407 1592 3499 ,'
1623 3409 1820 3504 Monesengo
1844 3409 1889 3480 θ
1916 3411 2006 3480 Villa

1242 3535 1338 3609 atque
1360 3510 1560 3598 Castellum,
1594 3510 1676 3602 quod
1699 3509 1814 3579 sainte·
1838 3509 1931 3582 Petri
1952 3509 2006 3580 di-

1241 3614 1345 3703 eleae,
1379 3611 1424 3682 (θ’
1449 3611 1629 3684 Abbotcm
1664 3609 1788 3682 nomine
1812 3607 2007 3710 Alpisum,

1243 3715 1299 3812 qui
1324 3713 1412 3786 anda
1435 3713 1469 3784 ei
1488 3709 1615 3811 precli,
1641 3737 1679 3782 erc
1703 3714 1846 3784 omuibus
1873 3712 2006 3800 investi.

1243 3843 1276 3888 te
1300 3815 1524 3912 dignarentur.
1556 3811 1660 3907 Cujus
1681 3813 1890 3910 petitionibus
1914 3841 2006 3886 aures

1243 3917 1443 4010 libentiffime
1460 3916 1747 4006 accommodantes,
1763 3913 1920 4012 uossreqne
1933 3915 2007 3988 ani.

1244 4046 1291 4090 me
1316 4018 1526 4109 consulentes,
1558 4039 1616 4112 pte
1640 4016 1706 4090 Dei
1730 4043 1835 4086 amore
1861 4015 2006 4112 predib‘lo

1243 4119 1423 4194 venerabili
1464 4119 1530 4190 loco
1564 4138 1660 4214 atque
1697 4117 1828 4190 Abbati
1870 4120 2005 4190 concedi.

373 4218 513 4292 Gislatn
540 4220 689 4296 nostram
708 4224 893 4318 carrffimam
910 4230 1135 4330 Conjugm,
1172 4227 1202 4296 Ε
1244 4248 1337 4313 mus,¹
1360 4223 1536 4310 donamus,
1561 4218 1716 4313 modisque
1740 4219 1891 4292 omnibus
1908 4245 2006 4290 torro·

349 4317 508 4416 'nostram
532 4320 643 4417 adiiffe
678 4327 878 4420 imperialem
911 4330 1136 4422 elementiam,

373 4419 528 4516 quatinus
550 4446 607 4522 pra
633 4425 698 4497 Dei
723 4451 851 4517 amore,
881 4431 1038 4528 uellreque
1061 4432 1134 4504 ani·

374 4547 423 4594 rste
448 4527 601 4616 remedio,
628 4529 762 4600 Cencbio
778 4529 892 4604 Sanllt'
916 4535 1028 4624 Petri,
1054 4535 1138 4630 quod

370 4624 492 4700 dicitur
526 4630 654 4702 Caelum
687 4638 858 4722 Aureum,
886 4633 1058 4725 subvenire
1092 4635 1137 4706 Θ

373 4725 479 4816 nostra
516 4731 690 4828 preceptali
727 4732 917 4819 aulloritate
955 4734 1137 4828 confirmare

373 4831 418 4904 δ’
443 4834 634 4909 corroborare
658 4858 760 4906 omnes
795 4839 903 4906 Cortes
930 4837 975 4906 (θ’
996 4836 1135 4932 proprie·

372 4951 482 5024 tates,
518 4961 597 5035 quas
628 4935 754 5034 pridem
786 4955 843 5029 per
876 4936 1014 5032 quodvis
1048 4938 1136 5034 inge·

373 5037 462 5110 nium
499 5039 673 5137 dinoscitur
712 5031 908 5136 poffrdrffe,
951 5054 1061 5116 tectos
1098 5039 1135 5114 δι

1243 4327 1386 4396 boramus
1424 4323 1548 4396 omnes
1581 4345 1637 4394 tes
1669 4321 1703 4392 &
1746 4318 2004 4420 proprietates,

1245 4421 1493 4524 polieffiones,
1526 4418 1716 4520 ommsque
1741 4419 1823 4496 illas
1849 4425 2005 4514 cortes,

1245 4551 1330 4624 quas
1356 4523 1504 4625 quisque
1530 4521 1637 4622 usque
1663 4521 1771 4596 modo
1797 4521 2005 4600 Beneficioli

1244 4626 1368 4702 ordine
1403 4623 1586 4716 detinuit,
1611 4627 1646 4698 ἃ
1674 4649 1742 4722 que
1769 4625 2005 4701 Vaffollotum

1245 4727 1474 4818 dicebantur,
1501 4728 1546 4798 (9⁴
1569 4727 1771 4823 quoscum
1799 4727 1882 4798 idem
1906 4733 2007 4800 Cerco·

1247 4830 1334 4902 bium
1359 4831 1453 4927 longo
1475 4849 1609 4926 tempore
1632 4829 1803 4922 dinoscitur
1826 4823 2006 4925 poffidtffe,

1246 4936 1269 5002 ὸ
1294 4929 1524 5030 Liudpeando
1544 4929 1641 5026 ipsius
1665 4931 1725 5002 loci
1744 4929 1916 5022 fundatore
1936 4957 2008 5002 con.

1245 5030 1358 5130 ceffas.
1384 5031 1467 5124 ldcll
1493 5033 1576 5106 inter
1600 5053 1714 5108 ceteras
1739 5057 1786 5102 res
1812 5037 1936 5199 Corpem
1964 5032 2007 5102 il.

1689 5219 1695 5232 ·
1884 5155 1959 5224 am,
