4550 6072
300 434 382 524 597
405 371 411 378 ⁹

665 671 912 803 ‚p

338 925 477 1026 signem
501 929 620 1004 Domai

601 397 969 497 urrrcamrro
1012 341 1508 523 quartanarum:

1622 499 1626 506 .
1725 394 1855 542 '59³¹

1039 923 1229 1028 Berengetir'
1251 921 1443 1021 Sereniffimi
1467 920 1596 1021 Regiri

294 1430 484 1522 umbratus
516 1435 737 1511 crustarius
759 1437 807 1512 ad
838 1435 941 1510 uicem
965 1437 1114 1536 terdingr'
1149 1401 1372 1538 Episcopi&
1399 1429 1690 1534 Arrbicanoeilarii
1714 1431 1879 1530 recognovi

246 1533 291 1608 θ’
310 1535 498 1634 subscripsi.

1075 1721 1079 1728 ⁵
1111 1744 1231 1816 Locus
1267 1739 1388 1840 sigilli
1423 1743 1468 1830 rie
1504 1736 1596 1813 cerei
1637 1763 1717 1813 curn
1757 1737 1877 1841 effigie

1162 1842 1269 1942 Regis
1303 1843 1339 1914 δι
1374 1838 1589 1940 epigraphe,
1626 1857 1666 1914 ut
1702 1839 1801 1942 supra
1836 1840 1878 1917 in

920 1959 924 1967 ·
1025 2049 1027 2053 γ
1160 1940 1384 2042 praecedenti
1411 1941 1644 2040 Diplomate.

164 2239 166 2244 ,
302 2147 394 2218 Data
425 2143 531 2240 pridie
564 2151 677 2219 Nonas
709 2145 864 2244 Aprilis,
899 2155 1003 2220 Anao
1037 2143 1202 2218 Dominice
1235 2142 1470 2216 incarnationis
1503 2146 1734 2220 DCCCCHH.
1769 2141 1881 2244 Regni

249 2251 325 2316 verb
350 2244 469 2318 Domni
493 2248 685 2352 Berengarir'
705 2250 838 2345 piiffimi
864 2251 966 2346 Regis
992 2250 1099 2320 XVII.
1125 2243 1304 2318 sudidlirrre
1330 2247 1404 2318 Vtt.

301 2399 427 2550 Adam
454 2397 614 2539 Vernae.
641 2450 675 2520 in
701 2449 767 2522 Dei
785 2449 915 2522 ‹nornne
935 2448 1092 2541 feliciter.
1119 2452 1253 2522 Amen.
1300 2447 1331 2510 .·'

301 2653 485 2738 Veronae,
512 2649 566 2725 uti
587 2648 866 2725 animadvertere
894 2651 1011 2750 potui·=
1035 2621 1093 2725 iA·
1119 2648 1241 2748 prandi
1267 2661 1408 2722 tantum
1428 2644 1799 2767 caussa-prpposuiiie,
1829 2651 1884 2724 at}

252 2749 315 2856 sii,
332 2750 567 2848 ‘Berengarius
587 2743 917 2852 pacifice'regnabat
934 2761 1011 2826 An·

252 2879 292 2923 no
306 2855 511 2924 DCCLCW.
532 2856 641 2922 Pridie
656 2859 766 2922 Nonas
784 2856 1012 2948 Aprilisortr

252 2950 366 3048 postea
393 2949 505 3046 ipsum
533 2948 615 3020 inde
651 2950 751 3020 fnisse
786 2947 1012 3022 exturbatum

202 3103 204 3108 ·
255 3053 274 3122 ir
302 3049 491 3124 Ludovieo
521 3049 585 3120 lsi.
614 3047 802 3146 Augusto-5
834 3048 1012 3152 persuade·

254 3175 291 3227 re
316 3149 454 3250 possunt
478 3146 728 3239 monumenta,
752 3175 842 3247 quae
857 3149 1014 3248 protuli,

200 3267 202 3270 ’
255 3252 308 3328 ita
332 3270 370 3324 ut
394 3247 500 3339 Junio
524 3249 647 3322 Mense
673 3253 771 3323 Anni
798 3255 1014 3326 DCCCCV.

255 3353 349 3428 idern
380 3351 586 3426 Ludovicus
619 3355 780 3424 Veronae
808 3351 870 3449 ipsr
902 3353 1014 3424 donti-

255 3473 420 3527 naretur.
457 3450 573 3548 Atqui
610 3451 754 3524 cadente
789 3453 886 3541 Julio
914 3457 1015 3524 Men·

256 3553 313 3644 sc,
332 3558 365 3628 δι
382 3553 538 3651 Augusto
558 3552 702 3626 ineunte
717 3552 817 3626 Anni
834 3557 1018 3628 DCCCC·
1058 3543 1086 3614 Β

258 3661 304 3729 V.
334 3655 563 3752 Berengarius
592 3657 695 3742 Rex,
731 3657 785 3730 uti
813 3681 856 3728 ex
883 3655 1018 3729 duobus

258 3757 544 3855 praecedentibus
560 3757 778 3854 Diplumatis
798 3757 1017 3855 accepimus,

258 3855 459 3930 versabatur
485 3881 592 3952 prope
617 3857 729 3954 ripam
767 3861 882 3932 Lacus
910 3861 1017 3932 Bena-

260 3956 295 4032 ci
331 3957 368 4030 in
403 3961 514 4030 Curre
550 3957 698 4047 Tunes,
732 3959 767 4030 δι
799 3983 881 4059 erga
916 3957 1018 4032 sarni·

260 4058 364 4132 liares
392 4057 469 4132 suos
498 4058 643 4159 Regiam
672 4058 954 4132 munificentiam
984 4087 1016 4135 e·

259 4160 443 4237 xerecbat.
479 4163 557 4232 Aut
589 4185 671 4260 ergo
698 4160 870 4259 jamtum
899 4161 1015 4236 Ludo·

261 4262 380 4336 vicum
406 4259 599 4360 Augustum
628 4263 804 4335 aemulum
824 4262 1018 4362 dejecerat,

261 4361 391 4438 aut'ad
417 4387 496 4434 cum
524 4361 793 4461 opprimendum
829 4391 874 4438 ex
911 4363 1015 4440 Nori·

260 4489 326 4550 co,
353 4461 422 4535 srve
449 4464 610 4561 bajoaria
637 4466 726 4536 ciam
755 4491 816 4564 per
842 4469 1016 4540 Benacum

259 4561 516 4640 descendebat.
562 4568 686 4662 Atque
724 4565 808 4639 haec
850 4566 1016 4640 adnotata

255 4663 433 4762 bucusque
460 4665 533 4764 ipse
558 4667 690 4757 votui,
714 4693 758 4740 ne
783 4667 863 4765 quis
890 4671 1013 4741 Beren-

257 4767 349 4869 garii
377 4765 514 4840 tabulas
532 4793 610 4840 curn
639 4768 925 4868 praecedentibus
944 4773 1014 4844 Lu-

116 4871 121 4880 '
255 4868 382 4944 tiovici
409 4871 474 4941 111.
502 4870 726 4968 Imperatoris
753 4894 906 4971 pugnare
940 4870 1016 4974 opi-

258 4987 379 5046 netur.
417 4967 592 5043 Posiremo
617 4970 759 5043 tandem
795 4975 876 5048 ioco
903 4971 1016 5046 moni·

258 5090 335 5148 tum
362 5070 687 5162 Lestorer'nuoim
713 5095 770 5150 me
798 5071 883 5146 haec
910 5072 1019 5152 disce·

1056 4451 1088 4522 C
1154 4469 1301 4559 ¹Atque
1326 4459 1405 4532 heic
1424 4479 1611 4561 'petentem
1648 4461 1739 4539 mibi
1765 4463 1813 4541 fin

1118 2777 1186 2848 que
1213 2767 1252 2823 ut
1279 2749 1464 2822 materiem
1496 2775 1623 2849 majori
1650 2749 1729 2822 otio
1764 2748 1883 2824 fruens

1120 2853 1215 2924 tibus
1257 2851 1455 2952 praeberem
1483 2849 1525 2922 ad
1563 2851 1646 2923 haec
1673 2849 1883 2950 diligentius

1122 2953 1385 3046 perpendenda.
1423 2953 1578 3025 Nam&
1607 2949 1699 3024 infra
1734 2951 1772 3024 in
1802 2951 1884 3025 Dis·

1121 3047 1200 3118 serr.
1240 3051 1407 3120 XXXIV.
1450 3053 1488 3120 de
1523 3053 1699 3146 Diplomat.
1742 3055 1886 3128 Praece-

1120 3167 1220 3246 ptum
1261 3145 1413 3220 adieram
1453 3147 1606 3242 ejusdem
1649 3155 1881 3252 Berengarii,

1119 3249 1241 3322 datum
1277 3251 1388 3321 Curte
1414 3247 1579 3338 Olonna,
1617 3249 1753 3323 scilicet
1788 3254 1885 3327 ina.

1120 3375 1183 3448 gro
1224 3345 1406 3421 Ticinensr
1448 3355 1549 3420 Anno
1588 3350 1647 3422 ch.
1690 3356 1882 3430 Dcccct'.

1121 3451 1191 3523 XV.
1207 3449 1288 3522 Kal.
1298 3449 1393 3540 surii
1411 3449 1530 3522 Indidi.
1549 3455 1667 3540 Nona,
1687 3452 1781 3548 quod
1801 3479 1883 3528 cum

1122 3553 1191 3652 jam
1219 3549 1326 3622 dictis
1353 3567 1506 3650 pugnat.
1542 3549 1607 3623 Sed
1643 3551 1694 3624 ibi
1732 3552 1885 3630 scriben-

1122 3654 1205 3726 dum
1242 3671 1329 3751 puto
1354 3655 1464 3724 Anno
1503 3647 1737 3735 DCCCCVI.
1769 3659 1884 3731 Erunt

1123 3773 1241 3826 tamen
1267 3755 1302 3826 δι
1332 3752 1404 3826 alia
1439 3753 1481 3825 ab
1517 3751 1611 3827 hisee
1650 3755 1795 3830 calculis
1830 3757 1886 3831 di.

1123 3855 1340 3930 scordantia.
1376 3858 1562 3948 Quaenam
1599 3881 1682 3928 vero
1718 3856 1791 3930 falfi
1830 3887 1886 3933 ar.

1123 3957 1258 4058 guenda
1292 3955 1381 4046 sint,
1417 3956 1568 4028 aliorum
1606 3956 1743 4058 judicio
1778 3959 1886 4036 teser.

1125 4077 1248 4132 vatum
1274 4059 1380 4130 volo.
1409 4055 1502 4129 Vide
1528 4055 1636 4130 etiarn
1663 4057 1830 4158 Dipluma
1850 4089 1886 4136 e.

1124 4158 1254 4260 jusdem
1284 4156 1487 4257 Berengarii
1513 4157 1551 4230 in
1580 4157 1721 4234 Dissert.
1746 4165 1887 4239 xvtlt.

1124 4263 1165 4332 de
1190 4259 1389 4354 Republica.
1428 4263 1533 4332 Nunc
1559 4261 1578 4332 e
1605 4259 1819 4337 diverticulo
1845 4263 1885 4340 in

1127 4360 1288 4436 semitam
1314 4359 1570 4458 regrediamur.

1127 4562 1214 4662 quid
1231 4563 1322 4662 oliui
1341 4567 1521 4636 Condama'e
1541 4583 1602 4638 aut
1619 4569 1796 4640 Condomae
1814 4493 1889 4643 drot:

1128 4667 1223 4756 rint,
1243 4693 1390 4764 quarum
1410 4668 1520 4765 quum
1539 4665 1577 4739 in
1597 4665 1755 4765 antiquis
1775 4667 1888 4743 Char·

1129 4769 1176 4842 tis
1204 4768 1342 4842 mentio
1368 4769 1466 4866 saepe
1494 4767 1677 4858 occurrat,
1705 4785 1888 4866 propterea

1129 4894 1201 4942 non
1220 4869 1267 4943 cst
1285 4868 1493 4970 negligenda
1513 4865 1717 4966 inquisitio.
1744 4871 1886 4942 Nomen

1096 4959 1103 5112 Ι
1130 4987 1224 5044 certe
1258 4997 1299 5044 ac
1325 4997 1397 5044 rem
1435 4967 1608 5042 fateamur
1631 4986 1795 5064 oportet,
1822 4969 1889 5046 ali.

1098 5126 1101 5135 .
1130 5069 1262 5172 quibus
1282 5071 1407 5146 adhuc.
1421 5067 1574 5145 tenebris
1597 5067 1769 5170 obsitam}
1796 5072 1889 5147 utta·¹
1923 5127 1928 5136 .

1171 5176 1259 5272 Qq
1311 5197 1333 5246 a
1751 5199 1834 5247 rnen
1924 5229 1927 5240 .
