<?xml version="1.0" encoding="UTF-8"?>
<!DOCTYPE html PUBLIC "-//W3C//DTD XHTML 1.0 Transitional//EN"
    "http://www.w3.org/TR/xhtml1/DTD/xhtml1-transitional.dtd">
<html xmlns="http://www.w3.org/1999/xhtml" xml:lang="en" lang="en">
 <head>
  <title>
</title>
<meta http-equiv="Content-Type" content="text/html;charset=utf-8" />
  <meta name='ocr-system' content='tesseract 3.04.00' />
  <meta name='ocr-capabilities' content='ocr_page ocr_carea ocr_par ocr_line ocrx_word'/>
</head>
<body>
  <div class='ocr_page' id='page_1' title='image "./antiquitatesita03muragoog_0036.png"; bbox 0 0 4570 6096; ppageno 0'>
   <div class='ocr_carea' id='block_1_1' title="bbox 325 397 420 488">
    <p class='ocr_par' dir='ltr' id='par_1_1' title="bbox 325 397 420 488">
     <span class='ocr_line' id='line_1_1' title="bbox 325 397 420 488; baseline 0 0"><span class='ocrx_word' id='word_1_1' title='bbox 325 397 420 488; x_wconf 59' lang='grc' dir='ltr'>ὅδ’</span> 
     </span>
    </p>
   </div>
   <div class='ocr_carea' id='block_1_2' title="bbox 600 331 1854 491">
    <p class='ocr_par' dir='ltr' id='par_1_2' title="bbox 600 331 1854 491">
     <span class='ocr_line' id='line_1_2' title="bbox 600 331 1854 491; baseline 0.005 -33"><span class='ocrx_word' id='word_1_2' title='bbox 600 331 606 344; x_wconf 85' lang='grc'><em>’</em></span> <span class='ocrx_word' id='word_1_3' title='bbox 680 363 1198 460; x_wconf 75' lang='lat' dir='ltr'>nossrrrnrro</span> <span class='ocrx_word' id='word_1_4' title='bbox 1266 363 1499 456; x_wconf 72' lang='lat' dir='ltr'>nour:</span> <span class='ocrx_word' id='word_1_5' title='bbox 1796 391 1854 491; x_wconf 59' lang='grc' dir='ltr'>μ·</span> 
     </span>
    </p>
   </div>
   <div class='ocr_carea' id='block_1_3' title="bbox 266 484 1914 588">
    <p class='ocr_par' dir='ltr' id='par_1_3' title="bbox 266 484 1914 588">
     <span class='ocr_line' id='line_1_3' title="bbox 266 484 1914 588; baseline 0.001 -28"><span class='ocrx_word' id='word_1_6' title='bbox 266 485 324 567; x_wconf 83' lang='lat' dir='ltr'>los</span> <span class='ocrx_word' id='word_1_7' title='bbox 351 487 596 564; x_wconf 78' lang='lat' dir='ltr'>incurrebantc</span> <span class='ocrx_word' id='word_1_8' title='bbox 625 491 721 588; x_wconf 91' lang='lat' dir='ltr'>quod</span> <span class='ocrx_word' id='word_1_9' title='bbox 749 491 892 564; x_wconf 83' lang='lat' dir='ltr'>testatur</span> <span class='ocrx_word' id='word_1_10' title='bbox 909 513 1033 564; x_wconf 86' lang='lat' dir='ltr'>eorum</span> <span class='ocrx_word' id='word_1_11' title='bbox 1074 489 1109 560; x_wconf 84' lang='lat' dir='ltr'>A</span> <span class='ocrx_word' id='word_1_12' title='bbox 1145 485 1253 579; x_wconf 79' lang='lat' dir='ltr'><em>causas</em></span> <span class='ocrx_word' id='word_1_13' title='bbox 1285 487 1465 562; x_wconf 74' lang='lat' dir='ltr'>audiendas</span> <span class='ocrx_word' id='word_1_14' title='bbox 1477 512 1499 574; x_wconf 86' lang='lat'>‚·</span> <span class='ocrx_word' id='word_1_15' title='bbox 1533 484 1743 580; x_wconf 73' lang='lat' dir='ltr'>residentibus</span> <span class='ocrx_word' id='word_1_16' title='bbox 1778 519 1847 562; x_wconf 79' lang='lat' dir='ltr'>con</span> <span class='ocrx_word' id='word_1_17' title='bbox 1881 519 1914 572; x_wconf 76' lang='lat' dir='ltr'>ee</span> 
     </span>
    </p>
   </div>
   <div class='ocr_carea' id='block_1_4' title="bbox 266 590 1034 1404">
    <p class='ocr_par' dir='ltr' id='par_1_4' title="bbox 266 590 1034 1404">
     <span class='ocr_line' id='line_1_4' title="bbox 266 590 1034 690; baseline 0.005 -28"><span class='ocrx_word' id='word_1_18' title='bbox 266 605 469 687; x_wconf 90' lang='lat' dir='ltr'>temporum</span> <span class='ocrx_word' id='word_1_19' title='bbox 491 593 649 690; x_wconf 82' lang='lat' dir='ltr'>Scriptor</span> <span class='ocrx_word' id='word_1_20' title='bbox 665 590 873 666; x_wconf 78' lang='lat' dir='ltr'>Veronensis</span> <span class='ocrx_word' id='word_1_21' title='bbox 893 590 1034 670; x_wconf 68' lang='lat' dir='ltr'>Annos</span> 
     </span>
     <span class='ocr_line' id='line_1_5' title="bbox 267 691 1031 792; baseline 0.008 -32"><span class='ocrx_word' id='word_1_22' title='bbox 267 691 376 766; x_wconf 81' lang='lat' dir='ltr'>Vitae</span> <span class='ocrx_word' id='word_1_23' title='bbox 402 692 521 766; x_wconf 76' lang='lat' dir='ltr'>Sansli</span> <span class='ocrx_word' id='word_1_24' title='bbox 549 692 781 782; x_wconf 84' lang='lat' dir='ltr'>Geminiani,</span> <span class='ocrx_word' id='word_1_25' title='bbox 805 693 904 792; x_wconf 84' lang='lat' dir='ltr'>cujus</span> <span class='ocrx_word' id='word_1_26' title='bbox 925 691 1031 790; x_wconf 89' lang='lat' dir='ltr'>parti·</span> 
     </span>
     <span class='ocr_line' id='line_1_6' title="bbox 267 793 1032 894; baseline 0.009 -32"><span class='ocrx_word' id='word_1_27' title='bbox 267 793 383 868; x_wconf 88' lang='lat' dir='ltr'>culam</span> <span class='ocrx_word' id='word_1_28' title='bbox 399 793 568 894; x_wconf 82' lang='lat' dir='ltr'>evulgavi</span> <span class='ocrx_word' id='word_1_29' title='bbox 588 797 679 868; x_wconf 89' lang='lat' dir='ltr'>Part.</span> <span class='ocrx_word' id='word_1_30' title='bbox 699 797 744 868; x_wconf 88' lang='lat'>11.</span> <span class='ocrx_word' id='word_1_31' title='bbox 759 794 871 868; x_wconf 90' lang='lat' dir='ltr'>Tomi</span> <span class='ocrx_word' id='word_1_32' title='bbox 889 797 933 866; x_wconf 88' lang='lat' dir='ltr'>ll.</span> <span class='ocrx_word' id='word_1_33' title='bbox 952 799 1032 869; x_wconf 85' lang='lat' dir='ltr'>Rer.</span> 
     </span>
     <span class='ocr_line' id='line_1_7' title="bbox 268 893 1033 994; baseline 0.003 -28"><span class='ocrx_word' id='word_1_34' title='bbox 268 895 425 968; x_wconf 86' lang='lat' dir='ltr'>Italicar.</span> <span class='ocrx_word' id='word_1_35' title='bbox 441 922 517 994; x_wconf 81' lang='lat' dir='ltr'>pag.</span> <span class='ocrx_word' id='word_1_36' title='bbox 538 897 625 992; x_wconf 70' lang='lat' dir='ltr'>dyo.</span> <span class='ocrx_word' id='word_1_37' title='bbox 645 896 697 968; x_wconf 78' lang='lat' dir='ltr'>Ed</span> <span class='ocrx_word' id='word_1_38' title='bbox 713 893 892 972; x_wconf 88' lang='lat' dir='ltr'>occasmne</span> <span class='ocrx_word' id='word_1_39' title='bbox 908 921 969 994; x_wconf 86' lang='lat' dir='ltr'>par</span> <span class='ocrx_word' id='word_1_40' title='bbox 986 896 1033 968; x_wconf 89' lang='lat' dir='ltr'>ell</span> 
     </span>
     <span class='ocr_line' id='line_1_8' title="bbox 267 995 1030 1096; baseline 0.005 -30"><span class='ocrx_word' id='word_1_41' title='bbox 267 995 433 1086; x_wconf 88' lang='lat' dir='ltr'>eredere,</span> <span class='ocrx_word' id='word_1_42' title='bbox 470 1001 649 1070; x_wconf 85' lang='lat' dir='ltr'>Marmora</span> <span class='ocrx_word' id='word_1_43' title='bbox 683 999 894 1096; x_wconf 87' lang='lat' dir='ltr'>complura,</span> <span class='ocrx_word' id='word_1_44' title='bbox 932 1015 1030 1070; x_wconf 86' lang='lat' dir='ltr'>retu·</span> 
     </span>
     <span class='ocr_line' id='line_1_9' title="bbox 267 1093 1030 1197; baseline 0.003 -27"><span class='ocrx_word' id='word_1_45' title='bbox 267 1093 326 1170; x_wconf 84' lang='lat' dir='ltr'>llis</span> <span class='ocrx_word' id='word_1_46' title='bbox 352 1097 514 1189; x_wconf 87' lang='lat' dir='ltr'>Litcris,</span> <span class='ocrx_word' id='word_1_47' title='bbox 548 1096 617 1170; x_wconf 81' lang='lat' dir='ltr'>five</span> <span class='ocrx_word' id='word_1_48' title='bbox 646 1096 940 1197; x_wconf 85' lang='lat' dir='ltr'>suscriptionibus</span> <span class='ocrx_word' id='word_1_49' title='bbox 963 1121 1030 1172; x_wconf 86' lang='lat' dir='ltr'>¹or·</span> 
     </span>
     <span class='ocr_line' id='line_1_10' title="bbox 267 1197 1028 1300; baseline 0.008 -32"><span class='ocrx_word' id='word_1_50' title='bbox 267 1215 379 1288; x_wconf 88' lang='lat' dir='ltr'>nata,</span> <span class='ocrx_word' id='word_1_51' title='bbox 405 1199 447 1272; x_wconf 89' lang='lat' dir='ltr'>ad</span> <span class='ocrx_word' id='word_1_52' title='bbox 476 1197 658 1298; x_wconf 87' lang='lat' dir='ltr'>magnifici</span> <span class='ocrx_word' id='word_1_53' title='bbox 694 1199 841 1300; x_wconf 83' lang='lat' dir='ltr'>Templi</span> <span class='ocrx_word' id='word_1_54' title='bbox 878 1199 1028 1274; x_wconf 86' lang='lat' dir='ltr'>conllru·</span> 
     </span>
     <span class='ocr_line' id='line_1_11' title="bbox 267 1295 1028 1404; baseline 0.005 -34"><span class='ocrx_word' id='word_1_55' title='bbox 267 1295 424 1374; x_wconf 74' lang='lat' dir='ltr'>6lionem</span> <span class='ocrx_word' id='word_1_56' title='bbox 436 1299 615 1392; x_wconf 86' lang='lat' dir='ltr'>adhibita,</span> <span class='ocrx_word' id='word_1_57' title='bbox 626 1303 804 1376; x_wconf 87' lang='lat' dir='ltr'>tumulum</span> <span class='ocrx_word' id='word_1_58' title='bbox 822 1321 1028 1404; x_wconf 90' lang='lat' dir='ltr'>perpetuum</span> 
     </span>
    </p>
   </div>
   <div class='ocr_carea' id='block_1_5' title="bbox 1142 590 1914 1392">
    <p class='ocr_par' dir='ltr' id='par_1_5' title="bbox 1142 590 1914 1392">
     <span class='ocr_line' id='line_1_12' title="bbox 1148 590 1914 688; baseline 0.01 -30"><span class='ocrx_word' id='word_1_59' title='bbox 1148 590 1299 660; x_wconf 79' lang='lat' dir='ltr'>Hndosdo</span> <span class='ocrx_word' id='word_1_60' title='bbox 1333 595 1440 662; x_wconf 79' lang='lat' dir='ltr'>Comes</span> <span class='ocrx_word' id='word_1_61' title='bbox 1465 591 1506 658; x_wconf 83' lang='lat' dir='ltr'>de</span> <span class='ocrx_word' id='word_1_62' title='bbox 1530 594 1677 680; x_wconf 83' lang='lat' dir='ltr'>Parma,</span> <span class='ocrx_word' id='word_1_63' title='bbox 1712 591 1841 688; x_wconf 86' lang='lat' dir='ltr'>Oppirc&#39;o</span> <span class='ocrx_word' id='word_1_64' title='bbox 1874 598 1914 666; x_wconf 80' lang='lat' dir='ltr'>dr</span> 
     </span>
     <span class='ocr_line' id='line_1_13' title="bbox 1147 689 1914 786; baseline 0.008 -26"><span class='ocrx_word' id='word_1_65' title='bbox 1147 690 1225 781; x_wconf 86' lang='lat' dir='ltr'>Pisa</span> <span class='ocrx_word' id='word_1_66' title='bbox 1250 691 1320 762; x_wconf 72' lang='lat' dir='ltr'>&amp;n</span> <span class='ocrx_word' id='word_1_67' title='bbox 1348 689 1451 785; x_wconf 80' lang='lat' dir='ltr'>ibique</span> <span class='ocrx_word' id='word_1_68' title='bbox 1474 715 1578 762; x_wconf 82' lang='lat' dir='ltr'>eornm</span> <span class='ocrx_word' id='word_1_69' title='bbox 1600 690 1767 786; x_wconf 82' lang='lat' dir='ltr'>prescneiis</span> <span class='ocrx_word' id='word_1_70' title='bbox 1781 701 1815 784; x_wconf 83' lang='lat' dir='ltr'><em>J</em></span> <span class='ocrx_word' id='word_1_71' title='bbox 1815 695 1914 766; x_wconf 80' lang='lat' dir='ltr'>oban-</span> 
     </span>
     <span class='ocr_line' id='line_1_14' title="bbox 1146 790 1913 888; baseline 0.013 -28"><span class='ocrx_word' id='word_1_72' title='bbox 1146 817 1200 860; x_wconf 82' lang='lat' dir='ltr'>nes</span> <span class='ocrx_word' id='word_1_73' title='bbox 1225 791 1290 862; x_wconf 86' lang='lat' dir='ltr'>Dei</span> <span class='ocrx_word' id='word_1_74' title='bbox 1310 792 1424 888; x_wconf 81' lang='lat' dir='ltr'>gratio</span> <span class='ocrx_word' id='word_1_75' title='bbox 1456 790 1630 886; x_wconf 75' lang='lat' dir='ltr'>Episcopus</span> <span class='ocrx_word' id='word_1_76' title='bbox 1664 794 1813 880; x_wconf 77' lang='lat' dir='ltr'>Lucensis</span> <span class='ocrx_word' id='word_1_77' title='bbox 1847 823 1913 870; x_wconf 79' lang='lat' dir='ltr'>cone</span> 
     </span>
     <span class='ocr_line' id='line_1_15' title="bbox 1144 891 1912 989; baseline 0.003 -29"><span class='ocrx_word' id='word_1_78' title='bbox 1144 917 1212 961; x_wconf 85' lang='lat' dir='ltr'>cnm</span> <span class='ocrx_word' id='word_1_79' title='bbox 1248 891 1401 963; x_wconf 85' lang='lat' dir='ltr'>Moreciro</span> <span class='ocrx_word' id='word_1_80' title='bbox 1435 897 1584 962; x_wconf 71' lang='lat' dir='ltr'>Aureolo</span> <span class='ocrx_word' id='word_1_81' title='bbox 1604 892 1663 984; x_wconf 85' lang='lat' dir='ltr'>sroo</span> <span class='ocrx_word' id='word_1_82' title='bbox 1688 917 1833 989; x_wconf 79' lang='lat' dir='ltr'>ceperunt</span> <span class='ocrx_word' id='word_1_83' title='bbox 1857 899 1912 969; x_wconf 83' lang='lat' dir='ltr'>di.</span> 
     </span>
     <span class='ocr_line' id='line_1_16' title="bbox 1144 993 1912 1092; baseline 0.008 -28"><span class='ocrx_word' id='word_1_84' title='bbox 1144 1019 1207 1064; x_wconf 89' lang='lat' dir='ltr'>cere</span> <span class='ocrx_word' id='word_1_85' title='bbox 1240 993 1395 1084; x_wconf 77' lang='lat' dir='ltr'>adversus</span> <span class='ocrx_word' id='word_1_86' title='bbox 1429 993 1633 1066; x_wconf 83' lang='lat' dir='ltr'>Ebberardur</span> <span class='ocrx_word' id='word_1_87' title='bbox 1668 996 1840 1092; x_wconf 80' lang='lat' dir='ltr'><em>Episcopus</em></span> <span class='ocrx_word' id='word_1_88' title='bbox 1866 1004 1912 1070; x_wconf 80' lang='lat' dir='ltr'>O·</span> 
     </span>
     <span class='ocr_line' id='line_1_17' title="bbox 1145 1091 1911 1189; baseline 0.012 -27"><span class='ocrx_word' id='word_1_89' title='bbox 1145 1091 1264 1188; x_wconf 80' lang='lat' dir='ltr'>Miffus</span> <span class='ocrx_word' id='word_1_90' title='bbox 1298 1093 1433 1166; x_wconf 81' lang='lat' dir='ltr'>Domini</span> <span class='ocrx_word' id='word_1_91' title='bbox 1466 1095 1668 1189; x_wconf 75' lang='lat' dir='ltr'>Imperatoris</span> <span class='ocrx_word' id='word_1_92' title='bbox 1682 1123 1698 1165; x_wconf 90' lang='lat'>.·</span> <span class='ocrx_word' id='word_1_93' title='bbox 1734 1103 1831 1170; x_wconf 66' lang='lat' dir='ltr'>Abeo</span> <span class='ocrx_word' id='word_1_94' title='bbox 1866 1102 1911 1170; x_wconf 74' lang='grc'>0·</span> 
     </span>
     <span class='ocr_line' id='line_1_18' title="bbox 1144 1194 1913 1292; baseline 0.012 -29"><span class='ocrx_word' id='word_1_95' title='bbox 1144 1215 1230 1267; x_wconf 80' lang='lat' dir='ltr'>teneo</span> <span class='ocrx_word' id='word_1_96' title='bbox 1253 1199 1300 1268; x_wconf 83' lang='lat' dir='ltr'>ad</span> <span class='ocrx_word' id='word_1_97' title='bbox 1318 1194 1394 1288; x_wconf 78' lang='lat' dir='ltr'>jure</span> <span class='ocrx_word' id='word_1_98' title='bbox 1425 1195 1635 1290; x_wconf 76' lang='lat' dir='ltr'>proprietario</span> <span class='ocrx_word' id='word_1_99' title='bbox 1669 1201 1714 1269; x_wconf 84' lang='lat' dir='ltr'>cd</span> <span class='ocrx_word' id='word_1_100' title='bbox 1744 1221 1822 1292; x_wconf 84' lang='lat' dir='ltr'>pars</span> <span class='ocrx_word' id='word_1_101' title='bbox 1846 1207 1913 1272; x_wconf 83' lang='lat' dir='ltr'>Ec·</span> 
     </span>
     <span class='ocr_line' id='line_1_19' title="bbox 1142 1295 1914 1392; baseline -0.003 -24"><span class='ocrx_word' id='word_1_102' title='bbox 1142 1295 1229 1381; x_wconf 85' lang='lat' dir='ltr'>clestc</span> <span class='ocrx_word' id='word_1_103' title='bbox 1264 1297 1470 1392; x_wconf 80' lang='lat' dir='ltr'>Episcopcrui</span> <span class='ocrx_word' id='word_1_104' title='bbox 1505 1295 1605 1382; x_wconf 80' lang='lat' dir='ltr'>noslro</span> <span class='ocrx_word' id='word_1_105' title='bbox 1636 1299 1754 1371; x_wconf 78' lang='lat' dir='ltr'>Sensli</span> <span class='ocrx_word' id='word_1_106' title='bbox 1788 1303 1914 1372; x_wconf 84' lang='lat' dir='ltr'>Marri.</span> 
     </span>
    </p>
   </div>
   <div class='ocr_carea' id='block_1_6' title="bbox 264 1395 1913 1500">
    <p class='ocr_par' dir='ltr' id='par_1_6' title="bbox 264 1395 1913 1500">
     <span class='ocr_line' id='line_1_20' title="bbox 264 1395 1913 1500; baseline 0.001 -28"><span class='ocrx_word' id='word_1_107' title='bbox 264 1395 390 1476; x_wconf 85' lang='lat' dir='ltr'>sortita</span> <span class='ocrx_word' id='word_1_108' title='bbox 416 1401 540 1478; x_wconf 79' lang='lat' dir='ltr'>suilie.</span> <span class='ocrx_word' id='word_1_109' title='bbox 574 1407 744 1478; x_wconf 88' lang='lat' dir='ltr'>Ceterum</span> <span class='ocrx_word' id='word_1_110' title='bbox 781 1429 890 1500; x_wconf 86' lang='lat' dir='ltr'>quum</span> <span class='ocrx_word' id='word_1_111' title='bbox 918 1407 1030 1478; x_wconf 83' lang='lat' dir='ltr'>Anno</span> <span class='ocrx_word' id='word_1_112' title='bbox 1074 1395 1104 1466; x_wconf 87' lang='grc' dir='ltr'>Β</span> <span class='ocrx_word' id='word_1_113' title='bbox 1144 1401 1180 1468; x_wconf 86' lang='lat' dir='ltr'>oi</span> <span class='ocrx_word' id='word_1_114' title='bbox 1203 1403 1303 1470; x_wconf 73' lang='lat' dir='ltr'>Curre</span> <span class='ocrx_word' id='word_1_115' title='bbox 1339 1400 1425 1485; x_wconf 81' lang='lat' dir='ltr'>illa,</span> <span class='ocrx_word' id='word_1_116' title='bbox 1460 1423 1519 1492; x_wconf 79' lang='lat' dir='ltr'>que</span> <span class='ocrx_word' id='word_1_117' title='bbox 1544 1397 1588 1484; x_wconf 82' lang='lat' dir='ltr'>esl</span> <span class='ocrx_word' id='word_1_118' title='bbox 1614 1399 1648 1469; x_wconf 82' lang='lat' dir='ltr'>in</span> <span class='ocrx_word' id='word_1_119' title='bbox 1675 1401 1738 1472; x_wconf 86' lang='lat' dir='ltr'>loeo</span> <span class='ocrx_word' id='word_1_120' title='bbox 1765 1403 1809 1472; x_wconf 72' lang='lat' dir='ltr'>O</span> <span class='ocrx_word' id='word_1_121' title='bbox 1825 1401 1913 1492; x_wconf 82' lang='lat' dir='ltr'>fini·</span> 
     </span>
    </p>
   </div>
   <div class='ocr_carea' id='block_1_7' title="bbox 175 1501 1030 1578">
    <p class='ocr_par' dir='ltr' id='par_1_7' title="bbox 175 1501 1030 1578">
     <span class='ocr_line' id='line_1_21' title="bbox 175 1501 1030 1578; baseline 0.004 -3"><span class='ocrx_word' id='word_1_122' title='bbox 175 1501 183 1517; x_wconf 83' lang='lat'>&#39;</span> <span class='ocrx_word' id='word_1_123' title='bbox 265 1503 499 1578; x_wconf 74' lang='lat' dir='ltr'>MCLXVll.</span> <span class='ocrx_word' id='word_1_124' title='bbox 526 1501 846 1578; x_wconf 79' lang='lat' dir='ltr'>Mediolancnfium</span> <span class='ocrx_word' id='word_1_125' title='bbox 875 1506 967 1578; x_wconf 87' lang='lat' dir='ltr'>Urbs</span> <span class='ocrx_word' id='word_1_126' title='bbox 990 1530 1030 1578; x_wconf 89' lang='lat' dir='ltr'>ac</span> 
     </span>
    </p>
   </div>
   <div class='ocr_carea' id='block_1_8' title="bbox 263 1603 1028 2304">
    <p class='ocr_par' dir='ltr' id='par_1_8' title="bbox 263 1603 1028 2304">
     <span class='ocr_line' id='line_1_22' title="bbox 266 1603 1027 1700; baseline 0.005 -24"><span class='ocrx_word' id='word_1_127' title='bbox 266 1605 429 1700; x_wconf 87' lang='lat' dir='ltr'>potentia</span> <span class='ocrx_word' id='word_1_128' title='bbox 447 1605 696 1695; x_wconf 78' lang='lat' dir='ltr'>resurrexerit,</span> <span class='ocrx_word' id='word_1_129' title='bbox 714 1607 750 1678; x_wconf 81' lang='grc' dir='ltr'>δι</span> <span class='ocrx_word' id='word_1_130' title='bbox 771 1603 933 1680; x_wconf 85' lang='lat' dir='ltr'>adversus</span> <span class='ocrx_word' id='word_1_131' title='bbox 953 1606 1027 1680; x_wconf 77' lang='lat' dir='ltr'>rri-</span> 
     </span>
     <span class='ocr_line' id='line_1_23' title="bbox 265 1703 1027 1806; baseline 0.003 -30"><span class='ocrx_word' id='word_1_132' title='bbox 265 1703 424 1780; x_wconf 89' lang='lat' dir='ltr'>dericum</span> <span class='ocrx_word' id='word_1_133' title='bbox 438 1711 465 1781; x_wconf 84' lang='lat' dir='ltr'>l.</span> <span class='ocrx_word' id='word_1_134' title='bbox 478 1705 673 1804; x_wconf 83' lang='lat' dir='ltr'>Augustum</span> <span class='ocrx_word' id='word_1_135' title='bbox 691 1709 875 1804; x_wconf 81' lang='lat' dir='ltr'>pleraeque</span> <span class='ocrx_word' id='word_1_136' title='bbox 887 1711 1027 1806; x_wconf 85' lang='lat' dir='ltr'>Lango-</span> 
     </span>
     <span class='ocr_line' id='line_1_24' title="bbox 266 1805 1027 1907; baseline 0.004 -30"><span class='ocrx_word' id='word_1_137' title='bbox 266 1805 455 1880; x_wconf 81' lang='lat' dir='ltr'>bardorum</span> <span class='ocrx_word' id='word_1_138' title='bbox 474 1807 655 1882; x_wconf 87' lang='lat' dir='ltr'>Civitates</span> <span class='ocrx_word' id='word_1_139' title='bbox 677 1833 773 1880; x_wconf 86' lang='lat' dir='ltr'>arma</span> <span class='ocrx_word' id='word_1_140' title='bbox 792 1806 1027 1907; x_wconf 81' lang='lat' dir='ltr'>arripuerint,</span> 
     </span>
     <span class='ocr_line' id='line_1_25' title="bbox 264 1907 1027 1982; baseline 0 -2"><span class='ocrx_word' id='word_1_141' title='bbox 264 1909 301 1980; x_wconf 74' lang='grc' dir='ltr'>ἀ</span> <span class='ocrx_word' id='word_1_142' title='bbox 338 1907 432 1980; x_wconf 89' lang='lat' dir='ltr'>hisce</span> <span class='ocrx_word' id='word_1_143' title='bbox 468 1907 714 1982; x_wconf 80' lang='lat' dir='ltr'>controversiis</span> <span class='ocrx_word' id='word_1_144' title='bbox 748 1911 859 1980; x_wconf 85' lang='lat' dir='ltr'>Anno</span> <span class='ocrx_word' id='word_1_145' title='bbox 886 1907 1027 1982; x_wconf 88' lang='lat' dir='ltr'>demum</span> 
     </span>
     <span class='ocr_line' id='line_1_26' title="bbox 264 2007 1028 2084; baseline 0 -2"><span class='ocrx_word' id='word_1_146' title='bbox 264 2011 550 2084; x_wconf 83' lang='lat' dir='ltr'>MCLllllllIll.</span> <span class='ocrx_word' id='word_1_147' title='bbox 581 2013 653 2084; x_wconf 85' lang='lat' dir='ltr'>Pax</span> <span class='ocrx_word' id='word_1_148' title='bbox 682 2007 910 2084; x_wconf 85' lang='lat' dir='ltr'>Constantiae</span> <span class='ocrx_word' id='word_1_149' title='bbox 935 2009 1028 2082; x_wconf 87' lang='lat' dir='ltr'>inita</span> 
     </span>
     <span class='ocr_line' id='line_1_27' title="bbox 266 2108 1024 2208; baseline -0.001 -25"><span class='ocrx_word' id='word_1_150' title='bbox 266 2108 372 2184; x_wconf 87' lang='lat' dir='ltr'>linem</span> <span class='ocrx_word' id='word_1_151' title='bbox 390 2111 549 2198; x_wconf 86' lang='lat' dir='ltr'>dederit,</span> <span class='ocrx_word' id='word_1_152' title='bbox 570 2111 624 2184; x_wconf 89' lang='lat' dir='ltr'>uti</span> <span class='ocrx_word' id='word_1_153' title='bbox 652 2109 751 2208; x_wconf 89' lang='lat' dir='ltr'>supra</span> <span class='ocrx_word' id='word_1_154' title='bbox 778 2109 902 2186; x_wconf 87' lang='lat' dir='ltr'>monui</span> <span class='ocrx_word' id='word_1_155' title='bbox 928 2111 1024 2184; x_wconf 86' lang='lat' dir='ltr'>exin·</span> 
     </span>
     <span class='ocr_line' id='line_1_28' title="bbox 263 2209 1023 2304; baseline 0 -20"><span class='ocrx_word' id='word_1_156' title='bbox 263 2209 307 2284; x_wconf 88' lang='lat' dir='ltr'>de</span> <span class='ocrx_word' id='word_1_157' title='bbox 325 2209 476 2284; x_wconf 87' lang='lat' dir='ltr'>omnino</span> <span class='ocrx_word' id='word_1_158' title='bbox 496 2210 741 2304; x_wconf 75' lang='lat' dir='ltr'>imperialium</span> <span class='ocrx_word' id='word_1_159' title='bbox 761 2210 949 2284; x_wconf 81' lang='lat' dir='ltr'>Missurum</span> <span class='ocrx_word' id='word_1_160' title='bbox 964 2237 1023 2284; x_wconf 85' lang='lat' dir='ltr'>ex·</span> 
     </span>
    </p>
   </div>
   <div class='ocr_carea' id='block_1_9' title="bbox 1140 1490 1914 2294">
    <p class='ocr_par' dir='ltr' id='par_1_9' title="bbox 1140 1490 1914 2294">
     <span class='ocr_line' id='line_1_29' title="bbox 1143 1490 1913 1588; baseline 0.005 -18"><span class='ocrx_word' id='word_1_161' title='bbox 1143 1490 1377 1588; x_wconf 69' lang='lat' dir='ltr'>sustantia,</span> <span class='ocrx_word' id='word_1_162' title='bbox 1404 1523 1472 1572; x_wconf 84' lang='lat' dir='ltr'>crem</span> <span class='ocrx_word' id='word_1_163' title='bbox 1498 1497 1638 1582; x_wconf 77' lang='lat' dir='ltr'>Ecclesia</span> <span class='ocrx_word' id='word_1_164' title='bbox 1664 1503 1750 1588; x_wconf 82' lang='lat' dir='ltr'>illa,</span> <span class='ocrx_word' id='word_1_165' title='bbox 1778 1503 1829 1574; x_wconf 86' lang='lat' dir='ltr'>eui</span> <span class='ocrx_word' id='word_1_166' title='bbox 1853 1531 1913 1574; x_wconf 83' lang='lat' dir='ltr'>vo·</span> 
     </span>
     <span class='ocr_line' id='line_1_30' title="bbox 1143 1597 1913 1700; baseline 0.008 -30"><span class='ocrx_word' id='word_1_167' title='bbox 1143 1601 1288 1672; x_wconf 76' lang='lat' dir='ltr'>rabulum</span> <span class='ocrx_word' id='word_1_168' title='bbox 1313 1600 1399 1672; x_wconf 81' lang='lat' dir='ltr'>beati</span> <span class='ocrx_word' id='word_1_169' title='bbox 1423 1597 1709 1692; x_wconf 63' lang='lat' dir='ltr'>sauriniani,</span> <span class='ocrx_word' id='word_1_170' title='bbox 1730 1605 1817 1694; x_wconf 72' lang='lat' dir='ltr'>infra</span> <span class='ocrx_word' id='word_1_171' title='bbox 1843 1603 1913 1700; x_wconf 78' lang='lat' dir='ltr'>ipso</span> 
     </span>
     <span class='ocr_line' id='line_1_31' title="bbox 1144 1699 1914 1791; baseline 0.005 -19"><span class='ocrx_word' id='word_1_172' title='bbox 1144 1707 1242 1772; x_wconf 82' lang='lat' dir='ltr'>Curre</span> <span class='ocrx_word' id='word_1_173' title='bbox 1266 1700 1497 1788; x_wconf 79' lang='lat' dir='ltr'>eonstslentem,</span> <span class='ocrx_word' id='word_1_174' title='bbox 1528 1699 1586 1791; x_wconf 83' lang='lat' dir='ltr'>sero</span> <span class='ocrx_word' id='word_1_175' title='bbox 1612 1728 1680 1772; x_wconf 80' lang='lat' dir='ltr'>cnm</span> <span class='ocrx_word' id='word_1_176' title='bbox 1705 1703 1843 1791; x_wconf 80' lang='lat' dir='ltr'>Castello</span> <span class='ocrx_word' id='word_1_177' title='bbox 1868 1707 1914 1776; x_wconf 62' lang='grc' dir='ltr'><em>θ</em></span> 
     </span>
     <span class='ocr_line' id='line_1_32' title="bbox 1145 1799 1910 1898; baseline 0.007 -26"><span class='ocrx_word' id='word_1_178' title='bbox 1145 1804 1269 1875; x_wconf 84' lang='lat' dir='ltr'>Corbon</span> <span class='ocrx_word' id='word_1_179' title='bbox 1284 1852 1446 1876; x_wconf 85' lang='grc'><strong>.......</strong></span> <span class='ocrx_word' id='word_1_180' title='bbox 1482 1799 1653 1896; x_wconf 78' lang='lat' dir='ltr'>(sortasse</span> <span class='ocrx_word' id='word_1_181' title='bbox 1688 1807 1910 1898; x_wconf 77' lang='lat' dir='ltr'>Carbonaria,</span> 
     </span>
     <span class='ocr_line' id='line_1_33' title="bbox 1144 1901 1910 2002; baseline 0.005 -25"><span class='ocrx_word' id='word_1_182' title='bbox 1144 1903 1186 1977; x_wconf 88' lang='lat' dir='ltr'>de</span> <span class='ocrx_word' id='word_1_183' title='bbox 1220 1929 1289 1998; x_wconf 89' lang='lat' dir='ltr'>qua</span> <span class='ocrx_word' id='word_1_184' title='bbox 1324 1927 1413 1976; x_wconf 88' lang='lat' dir='ltr'>voce</span> <span class='ocrx_word' id='word_1_185' title='bbox 1447 1902 1504 2002; x_wconf 85' lang='lat' dir='ltr'>egi</span> <span class='ocrx_word' id='word_1_186' title='bbox 1533 1901 1570 1974; x_wconf 91' lang='lat' dir='ltr'>in</span> <span class='ocrx_word' id='word_1_187' title='bbox 1600 1905 1742 1978; x_wconf 84' lang='lat' dir='ltr'>Dissert.</span> <span class='ocrx_word' id='word_1_188' title='bbox 1775 1908 1910 1982; x_wconf 85' lang='lat' dir='ltr'>xxv1.</span> 
     </span>
     <span class='ocr_line' id='line_1_34' title="bbox 1140 2003 1907 2102; baseline 0.008 -28"><span class='ocrx_word' id='word_1_189' title='bbox 1140 2005 1179 2074; x_wconf 86' lang='lat' dir='ltr'>de</span> <span class='ocrx_word' id='word_1_190' title='bbox 1197 2003 1357 2102; x_wconf 82' lang='lat' dir='ltr'>Militia)</span> <span class='ocrx_word' id='word_1_191' title='bbox 1378 2003 1421 2073; x_wconf 63' lang='lat' dir='ltr'>O</span> <span class='ocrx_word' id='word_1_192' title='bbox 1446 2031 1538 2076; x_wconf 86' lang='lat' dir='ltr'>morra</span> <span class='ocrx_word' id='word_1_193' title='bbox 1565 2004 1599 2074; x_wconf 88' lang='lat' dir='ltr'>in</span> <span class='ocrx_word' id='word_1_194' title='bbox 1626 2005 1791 2078; x_wconf 79' lang='lat' dir='ltr'>circuitum</span> <span class='ocrx_word' id='word_1_195' title='bbox 1809 2005 1907 2102; x_wconf 77' lang='lat' dir='ltr'>ipsius</span> 
     </span>
     <span class='ocr_line' id='line_1_35' title="bbox 1141 2104 1912 2206; baseline -0.001 -30"><span class='ocrx_word' id='word_1_196' title='bbox 1141 2104 1273 2192; x_wconf 80' lang='lat' dir='ltr'>Caslellr&#39;</span> <span class='ocrx_word' id='word_1_197' title='bbox 1299 2105 1368 2178; x_wconf 70' lang='lat' dir='ltr'>Oc.</span> <span class='ocrx_word' id='word_1_198' title='bbox 1394 2105 1429 2177; x_wconf 82' lang='lat' dir='ltr'>dc</span> <span class='ocrx_word' id='word_1_199' title='bbox 1451 2105 1604 2178; x_wconf 85' lang='lat' dir='ltr'>bannum</span> <span class='ocrx_word' id='word_1_200' title='bbox 1633 2104 1829 2205; x_wconf 85' lang='lat' dir='ltr'>supeream</span> <span class='ocrx_word' id='word_1_201' title='bbox 1851 2134 1912 2206; x_wconf 85' lang='lat' dir='ltr'>pc.</span> 
     </span>
     <span class='ocr_line' id='line_1_36' title="bbox 1142 2205 1911 2294; baseline 0.005 -18"><span class='ocrx_word' id='word_1_202' title='bbox 1142 2205 1224 2280; x_wconf 90' lang='lat' dir='ltr'>tiit.</span> <span class='ocrx_word' id='word_1_203' title='bbox 1251 2209 1356 2282; x_wconf 90' lang='lat' dir='ltr'>Tunc</span> <span class='ocrx_word' id='word_1_204' title='bbox 1385 2209 1547 2280; x_wconf 90' lang='lat' dir='ltr'>Domnus</span> <span class='ocrx_word' id='word_1_205' title='bbox 1575 2207 1797 2282; x_wconf 88' lang='lat' dir='ltr'>Ebherardus</span> <span class='ocrx_word' id='word_1_206' title='bbox 1823 2207 1911 2294; x_wconf 66' lang='lat' dir='ltr'>etsie</span> 
     </span>
    </p>
   </div>
   <div class='ocr_carea' id='block_1_10' title="bbox 265 2306 1911 2409">
    <p class='ocr_par' dir='ltr' id='par_1_10' title="bbox 265 2306 1911 2409">
     <span class='ocr_line' id='line_1_37' title="bbox 265 2306 1911 2409; baseline -0.001 -25"><span class='ocrx_word' id='word_1_207' title='bbox 265 2311 404 2409; x_wconf 87' lang='lat' dir='ltr'>peditio</span> <span class='ocrx_word' id='word_1_208' title='bbox 428 2309 469 2384; x_wconf 93' lang='lat' dir='ltr'>in</span> <span class='ocrx_word' id='word_1_209' title='bbox 497 2311 604 2384; x_wconf 85' lang='lat' dir='ltr'>ltalia</span> <span class='ocrx_word' id='word_1_210' title='bbox 628 2308 753 2398; x_wconf 77' lang='lat' dir='ltr'>desiit,</span> <span class='ocrx_word' id='word_1_211' title='bbox 779 2312 814 2382; x_wconf 81' lang='grc' dir='ltr'>δι</span> <span class='ocrx_word' id='word_1_212' title='bbox 841 2309 880 2382; x_wconf 90' lang='lat' dir='ltr'>in</span> <span class='ocrx_word' id='word_1_213' title='bbox 900 2309 1029 2405; x_wconf 90' lang='lat' dir='ltr'>aliqui·</span> <span class='ocrx_word' id='word_1_214' title='bbox 1071 2313 1104 2384; x_wconf 95' lang='lat' dir='ltr'>C</span> <span class='ocrx_word' id='word_1_215' title='bbox 1141 2310 1290 2378; x_wconf 76' lang='lat' dir='ltr'>damnum</span> <span class='ocrx_word' id='word_1_216' title='bbox 1324 2306 1458 2380; x_wconf 83' lang='lat' dir='ltr'>Domini</span> <span class='ocrx_word' id='word_1_217' title='bbox 1493 2310 1697 2402; x_wconf 78' lang='lat' dir='ltr'>Imperatoris</span> <span class='ocrx_word' id='word_1_218' title='bbox 1729 2310 1827 2405; x_wconf 82' lang='lat' dir='ltr'>super</span> <span class='ocrx_word' id='word_1_219' title='bbox 1859 2337 1911 2382; x_wconf 85' lang='lat' dir='ltr'>ee·</span> 
     </span>
    </p>
   </div>
   <div class='ocr_carea' id='block_1_11' title="bbox 259 2411 1029 3216">
    <p class='ocr_par' dir='ltr' id='par_1_11' title="bbox 259 2411 1029 3216">
     <span class='ocr_line' id='line_1_38' title="bbox 263 2411 1029 2509; baseline -0.003 -23"><span class='ocrx_word' id='word_1_220' title='bbox 263 2413 332 2486; x_wconf 87' lang='lat' dir='ltr'>bus</span> <span class='ocrx_word' id='word_1_221' title='bbox 348 2411 600 2486; x_wconf 86' lang='lat' dir='ltr'>tantummodo</span> <span class='ocrx_word' id='word_1_222' title='bbox 620 2414 710 2486; x_wconf 87' lang='lat' dir='ltr'>locis</span> <span class='ocrx_word' id='word_1_223' title='bbox 730 2411 934 2504; x_wconf 87' lang='lat' dir='ltr'>Imperiales</span> <span class='ocrx_word' id='word_1_224' title='bbox 955 2415 1029 2509; x_wconf 83' lang='lat' dir='ltr'>Ap·</span> 
     </span>
     <span class='ocr_line' id='line_1_39' title="bbox 262 2510 1028 2612; baseline 0 -26"><span class='ocrx_word' id='word_1_225' title='bbox 262 2512 499 2612; x_wconf 86' lang='lat' dir='ltr'>pellationum</span> <span class='ocrx_word' id='word_1_226' title='bbox 539 2511 681 2604; x_wconf 75' lang='lat' dir='ltr'>ludices</span> <span class='ocrx_word' id='word_1_227' title='bbox 727 2510 943 2602; x_wconf 76' lang='lat' dir='ltr'>successere,</span> <span class='ocrx_word' id='word_1_228' title='bbox 986 2513 1028 2586; x_wconf 90' lang='lat' dir='ltr'>de</span> 
     </span>
     <span class='ocr_line' id='line_1_40' title="bbox 264 2609 1028 2711; baseline -0.003 -23"><span class='ocrx_word' id='word_1_229' title='bbox 264 2616 393 2711; x_wconf 85' lang='lat' dir='ltr'>quibus</span> <span class='ocrx_word' id='word_1_230' title='bbox 420 2613 512 2688; x_wconf 87' lang='lat' dir='ltr'>insra</span> <span class='ocrx_word' id='word_1_231' title='bbox 539 2613 629 2688; x_wconf 91' lang='lat' dir='ltr'>mibi</span> <span class='ocrx_word' id='word_1_232' title='bbox 657 2612 726 2688; x_wconf 90' lang='lat' dir='ltr'>erit</span> <span class='ocrx_word' id='word_1_233' title='bbox 752 2613 866 2688; x_wconf 88' lang='lat' dir='ltr'>sermo</span> <span class='ocrx_word' id='word_1_234' title='bbox 889 2611 928 2686; x_wconf 92' lang='lat' dir='ltr'>in</span> <span class='ocrx_word' id='word_1_235' title='bbox 950 2609 1028 2686; x_wconf 91' lang='lat' dir='ltr'>Dis·</span> 
     </span>
     <span class='ocr_line' id='line_1_41' title="bbox 265 2715 1025 2790; baseline -0.003 -4"><span class='ocrx_word' id='word_1_236' title='bbox 265 2715 382 2790; x_wconf 88' lang='lat' dir='ltr'>settat.</span> <span class='ocrx_word' id='word_1_237' title='bbox 400 2719 571 2790; x_wconf 84' lang='lat' dir='ltr'>XLVIII.</span> <span class='ocrx_word' id='word_1_238' title='bbox 590 2719 629 2788; x_wconf 84' lang='lat' dir='ltr'>de</span> <span class='ocrx_word' id='word_1_239' title='bbox 646 2715 787 2788; x_wconf 80' lang='lat' dir='ltr'>Civiear.</span> <span class='ocrx_word' id='word_1_240' title='bbox 807 2715 950 2788; x_wconf 78' lang='lat' dir='ltr'>italicar.</span> <span class='ocrx_word' id='word_1_241' title='bbox 968 2715 1025 2786; x_wconf 82' lang='lat' dir='ltr'>Li·</span> 
     </span>
     <span class='ocr_line' id='line_1_42' title="bbox 261 2816 1023 2916; baseline 0 -28"><span class='ocrx_word' id='word_1_242' title='bbox 261 2820 412 2890; x_wconf 72' lang='lat' dir='ltr'>scrtcre..</span> <span class='ocrx_word' id='word_1_243' title='bbox 449 2823 573 2915; x_wconf 88' lang='lat' dir='ltr'>Neque</span> <span class='ocrx_word' id='word_1_244' title='bbox 609 2816 912 2916; x_wconf 86' lang='lat' dir='ltr'>praetermittam,</span> <span class='ocrx_word' id='word_1_245' title='bbox 949 2840 1023 2888; x_wconf 88' lang='lat' dir='ltr'>mo·</span> 
     </span>
     <span class='ocr_line' id='line_1_43' title="bbox 260 2917 1026 3018; baseline 0 -28"><span class='ocrx_word' id='word_1_246' title='bbox 260 2943 334 2992; x_wconf 89' lang='lat' dir='ltr'>rem</span> <span class='ocrx_word' id='word_1_247' title='bbox 364 2919 600 3018; x_wconf 89' lang='lat' dir='ltr'>complurium</span> <span class='ocrx_word' id='word_1_248' title='bbox 645 2917 851 3014; x_wconf 85' lang='lat' dir='ltr'>Principum</span> <span class='ocrx_word' id='word_1_249' title='bbox 880 2941 920 2992; x_wconf 91' lang='lat' dir='ltr'>ac</span> <span class='ocrx_word' id='word_1_250' title='bbox 947 2919 1026 2990; x_wconf 89' lang='lat' dir='ltr'>Ma·</span> 
     </span>
     <span class='ocr_line' id='line_1_44' title="bbox 259 3016 1027 3118; baseline -0.001 -27"><span class='ocrx_word' id='word_1_251' title='bbox 259 3037 445 3114; x_wconf 80' lang='lat' dir='ltr'>gnatum,</span> <span class='ocrx_word' id='word_1_252' title='bbox 480 3019 543 3118; x_wconf 90' lang='lat' dir='ltr'>qui</span> <span class='ocrx_word' id='word_1_253' title='bbox 578 3017 694 3092; x_wconf 89' lang='lat' dir='ltr'>literis</span> <span class='ocrx_word' id='word_1_254' title='bbox 721 3016 923 3118; x_wconf 85' lang='lat' dir='ltr'>majusculis</span> <span class='ocrx_word' id='word_1_255' title='bbox 959 3016 1027 3092; x_wconf 89' lang='lat' dir='ltr'>sese</span> 
     </span>
     <span class='ocr_line' id='line_1_45' title="bbox 260 3117 1026 3216; baseline -0.003 -22"><span class='ocrx_word' id='word_1_256' title='bbox 260 3118 511 3209; x_wconf 83' lang='lat' dir='ltr'>subscribunt,</span> <span class='ocrx_word' id='word_1_257' title='bbox 538 3121 582 3192; x_wconf 92' lang='lat' dir='ltr'>ab</span> <span class='ocrx_word' id='word_1_258' title='bbox 609 3117 767 3214; x_wconf 82' lang='lat' dir='ltr'>antiquis</span> <span class='ocrx_word' id='word_1_259' title='bbox 802 3117 1026 3216; x_wconf 82' lang='lat' dir='ltr'>temporibus</span> 
     </span>
    </p>
   </div>
   <div class='ocr_carea' id='block_1_12' title="bbox 1137 2405 1911 3216">
    <p class='ocr_par' dir='ltr' id='par_1_12' title="bbox 1137 2405 1911 3216">
     <span class='ocr_line' id='line_1_46' title="bbox 1140 2405 1911 2502; baseline 0.008 -26"><span class='ocrx_word' id='word_1_260' title='bbox 1140 2409 1211 2476; x_wconf 83' lang='lat' dir='ltr'>dem</span> <span class='ocrx_word' id='word_1_261' title='bbox 1236 2407 1405 2497; x_wconf 82' lang='lat' dir='ltr'>Jobcnnes</span> <span class='ocrx_word' id='word_1_262' title='bbox 1440 2405 1614 2502; x_wconf 78' lang='lat' dir='ltr'>Episcopus</span> <span class='ocrx_word' id='word_1_263' title='bbox 1647 2409 1683 2479; x_wconf 90' lang='lat' dir='ltr'>in</span> <span class='ocrx_word' id='word_1_264' title='bbox 1716 2411 1780 2480; x_wconf 79' lang='lat' dir='ltr'>dno</span> <span class='ocrx_word' id='word_1_265' title='bbox 1814 2409 1911 2482; x_wconf 81' lang='lat' dir='ltr'>milior</span> 
     </span>
     <span class='ocr_line' id='line_1_47' title="bbox 1143 2506 1909 2606; baseline 0.005 -28"><span class='ocrx_word' id='word_1_266' title='bbox 1143 2507 1307 2599; x_wconf 81' lang='lat' dir='ltr'>Mancosos</span> <span class='ocrx_word' id='word_1_267' title='bbox 1331 2508 1424 2580; x_wconf 80' lang='lat' dir='ltr'>cari.</span> <span class='ocrx_word' id='word_1_268' title='bbox 1450 2509 1606 2582; x_wconf 85' lang='lat' dir='ltr'>Chartae</span> <span class='ocrx_word' id='word_1_269' title='bbox 1632 2506 1684 2582; x_wconf 90' lang='lat' dir='ltr'>ita</span> <span class='ocrx_word' id='word_1_270' title='bbox 1711 2507 1909 2606; x_wconf 77' lang='lat' dir='ltr'>subscripsit</span> 
     </span>
     <span class='ocr_line' id='line_1_48' title="bbox 1140 2605 1909 2704; baseline 0.005 -26"><span class='ocrx_word' id='word_1_271' title='bbox 1140 2605 1352 2704; x_wconf 83' lang='lat' dir='ltr'>Episcopus:</span> <span class='ocrx_word' id='word_1_272' title='bbox 1367 2613 1458 2680; x_wconf 86' lang='lat' dir='ltr'>EGO</span> <span class='ocrx_word' id='word_1_273' title='bbox 1468 2614 1810 2682; x_wconf 73' lang='lat' dir='ltr'><em>EBERHARDVS</em></span> <span class='ocrx_word' id='word_1_274' title='bbox 1819 2615 1909 2682; x_wconf 75' lang='lat' dir='ltr'>EPS</span> 
     </span>
     <span class='ocr_line' id='line_1_49' title="bbox 1141 2713 1910 2784; baseline -0.004 -6"><span class='ocrx_word' id='word_1_275' title='bbox 1141 2713 1308 2780; x_wconf 77' lang='lat' dir='ltr'>Mlsss&#39;s</span> <span class='ocrx_word' id='word_1_276' title='bbox 1333 2713 1667 2784; x_wconf 76' lang='lat' dir='ltr'>INPERATORIS</span> <span class='ocrx_word' id='word_1_277' title='bbox 1696 2715 1910 2784; x_wconf 74' lang='lat' dir='ltr'>SVBsch.</span> 
     </span>
     <span class='ocr_line' id='line_1_50' title="bbox 1140 2813 1908 2910; baseline 0.008 -30"><span class='ocrx_word' id='word_1_278' title='bbox 1140 2813 1236 2884; x_wconf 71' lang='grc' dir='ltr'>ΡΠ.</span> <span class='ocrx_word' id='word_1_279' title='bbox 1263 2813 1435 2886; x_wconf 89' lang='lat' dir='ltr'>Ceterum</span> <span class='ocrx_word' id='word_1_280' title='bbox 1473 2830 1609 2910; x_wconf 89' lang='lat' dir='ltr'>praeter</span> <span class='ocrx_word' id='word_1_281' title='bbox 1644 2813 1835 2900; x_wconf 81' lang='lat' dir='ltr'>Comites,</span> <span class='ocrx_word' id='word_1_282' title='bbox 1871 2839 1908 2886; x_wconf 88' lang='lat' dir='ltr'>a·</span> 
     </span>
     <span class='ocr_line' id='line_1_51' title="bbox 1138 2908 1910 3009; baseline 0.008 -27"><span class='ocrx_word' id='word_1_283' title='bbox 1138 2908 1276 3009; x_wconf 91' lang='lat' dir='ltr'>liosquc</span> <span class='ocrx_word' id='word_1_284' title='bbox 1301 2910 1502 2990; x_wconf 89' lang='lat' dir='ltr'>ordinarios</span> <span class='ocrx_word' id='word_1_285' title='bbox 1522 2911 1680 3003; x_wconf 80' lang='lat' dir='ltr'>Iustitiae</span> <span class='ocrx_word' id='word_1_286' title='bbox 1700 2911 1910 3003; x_wconf 87' lang='lat' dir='ltr'>Minillrns,</span> 
     </span>
     <span class='ocr_line' id='line_1_52' title="bbox 1137 3011 1908 3112; baseline 0.003 -28"><span class='ocrx_word' id='word_1_287' title='bbox 1137 3014 1170 3084; x_wconf 78' lang='grc' dir='ltr'>δι</span> <span class='ocrx_word' id='word_1_288' title='bbox 1213 3031 1350 3110; x_wconf 84' lang='lat' dir='ltr'>praeter</span> <span class='ocrx_word' id='word_1_289' title='bbox 1390 3011 1552 3088; x_wconf 88' lang='lat' dir='ltr'>sublimis</span> <span class='ocrx_word' id='word_1_290' title='bbox 1594 3013 1747 3089; x_wconf 84' lang='lat' dir='ltr'>Ordinis</span> <span class='ocrx_word' id='word_1_291' title='bbox 1792 3011 1908 3112; x_wconf 72' lang='lat' dir='ltr'>Missos</span> 
     </span>
     <span class='ocr_line' id='line_1_53' title="bbox 1137 3111 1908 3216; baseline 0.01 -32"><span class='ocrx_word' id='word_1_292' title='bbox 1137 3111 1304 3190; x_wconf 74' lang='lat' dir='ltr'>haslenus</span> <span class='ocrx_word' id='word_1_293' title='bbox 1331 3135 1577 3206; x_wconf 89' lang='lat' dir='ltr'>memoratos,</span> <span class='ocrx_word' id='word_1_294' title='bbox 1613 3115 1678 3216; x_wconf 90' lang='lat' dir='ltr'>qui</span> <span class='ocrx_word' id='word_1_295' title='bbox 1709 3116 1762 3212; x_wconf 81' lang='lat' dir='ltr'>jus</span> <span class='ocrx_word' id='word_1_296' title='bbox 1790 3119 1908 3216; x_wconf 90' lang='lat' dir='ltr'>Popu-</span> 
     </span>
    </p>
   </div>
   <div class='ocr_carea' id='block_1_13' title="bbox 261 3215 1905 3317">
    <p class='ocr_par' dir='ltr' id='par_1_13' title="bbox 261 3215 1905 3317">
     <span class='ocr_line' id='line_1_54' title="bbox 261 3215 1905 3317; baseline -0.001 -25"><span class='ocrx_word' id='word_1_297' title='bbox 261 3218 492 3292; x_wconf 83' lang='lat' dir='ltr'>desccndere.</span> <span class='ocrx_word' id='word_1_298' title='bbox 533 3219 643 3317; x_wconf 88' lang='lat' dir='ltr'>ldque</span> <span class='ocrx_word' id='word_1_299' title='bbox 678 3217 767 3292; x_wconf 88' lang='lat' dir='ltr'>alibi</span> <span class='ocrx_word' id='word_1_300' title='bbox 803 3221 912 3290; x_wconf 85' lang='lat' dir='ltr'>etiam</span> <span class='ocrx_word' id='word_1_301' title='bbox 952 3219 1025 3292; x_wconf 90' lang='lat' dir='ltr'>ani·</span> <span class='ocrx_word' id='word_1_302' title='bbox 1066 3231 1100 3300; x_wconf 90' lang='lat' dir='ltr'>D</span> <span class='ocrx_word' id='word_1_303' title='bbox 1136 3215 1181 3288; x_wconf 87' lang='lat' dir='ltr'>lis</span> <span class='ocrx_word' id='word_1_304' title='bbox 1217 3215 1437 3305; x_wconf 86' lang='lat' dir='ltr'>reddebant,</span> <span class='ocrx_word' id='word_1_305' title='bbox 1472 3215 1653 3290; x_wconf 86' lang='lat' dir='ltr'>interdum</span> <span class='ocrx_word' id='word_1_306' title='bbox 1691 3219 1711 3290; x_wconf 72' lang='lat' dir='ltr'>b</span> <span class='ocrx_word' id='word_1_307' title='bbox 1749 3217 1905 3316; x_wconf 80' lang='lat' dir='ltr'>Regibus</span> 
     </span>
    </p>
   </div>
   <div class='ocr_carea' id='block_1_14' title="bbox 254 3316 1050 4204">
    <p class='ocr_par' dir='ltr' id='par_1_14' title="bbox 254 3316 1050 4204">
     <span class='ocr_line' id='line_1_55' title="bbox 259 3316 1025 3418; baseline -0.003 -24"><span class='ocrx_word' id='word_1_308' title='bbox 259 3319 467 3418; x_wconf 76' lang='lat' dir='ltr'>madnerti3</span> <span class='ocrx_word' id='word_1_309' title='bbox 503 3345 588 3392; x_wconf 86' lang='lat' dir='ltr'>nem</span> <span class='ocrx_word' id='word_1_310' title='bbox 614 3317 712 3416; x_wconf 88' lang='lat' dir='ltr'>saepe</span> <span class='ocrx_word' id='word_1_311' title='bbox 746 3316 838 3392; x_wconf 83' lang='lat' dir='ltr'>milri</span> <span class='ocrx_word' id='word_1_312' title='bbox 865 3317 906 3390; x_wconf 87' lang='lat' dir='ltr'>in</span> <span class='ocrx_word' id='word_1_313' title='bbox 931 3335 1025 3392; x_wconf 90' lang='lat' dir='ltr'>vete·</span> 
     </span>
     <span class='ocr_line' id='line_1_56' title="bbox 257 3418 1022 3515; baseline -0.01 -17"><span class='ocrx_word' id='word_1_314' title='bbox 257 3448 337 3498; x_wconf 84' lang='lat' dir='ltr'>rum</span> <span class='ocrx_word' id='word_1_315' title='bbox 367 3419 607 3494; x_wconf 84' lang='lat' dir='ltr'>monumentis</span> <span class='ocrx_word' id='word_1_316' title='bbox 634 3437 862 3492; x_wconf 89' lang='lat' dir='ltr'>occurrerunt</span> <span class='ocrx_word' id='word_1_317' title='bbox 897 3418 1022 3515; x_wconf 66' lang='lat' dir='ltr'>Eposo·</span> 
     </span>
     <span class='ocr_line' id='line_1_57' title="bbox 254 3519 1024 3621; baseline -0.003 -27"><span class='ocrx_word' id='word_1_318' title='bbox 254 3525 318 3621; x_wconf 83' lang='lat' dir='ltr'>pi,</span> <span class='ocrx_word' id='word_1_319' title='bbox 339 3529 464 3612; x_wconf 85' lang='lat' dir='ltr'>Duces,</span> <span class='ocrx_word' id='word_1_320' title='bbox 481 3521 706 3608; x_wconf 83' lang='lat' dir='ltr'>Marehiones,</span> <span class='ocrx_word' id='word_1_321' title='bbox 726 3521 758 3592; x_wconf 81' lang='lat' dir='ltr'>dc</span> <span class='ocrx_word' id='word_1_322' title='bbox 781 3521 940 3604; x_wconf 78' lang='lat' dir='ltr'>Comites,</span> <span class='ocrx_word' id='word_1_323' title='bbox 961 3519 1024 3619; x_wconf 90' lang='lat' dir='ltr'>qui</span> 
     </span>
     <span class='ocr_line' id='line_1_58' title="bbox 258 3619 1050 3716; baseline -0.005 -18"><span class='ocrx_word' id='word_1_324' title='bbox 258 3643 346 3698; x_wconf 85' lang='lat' dir='ltr'>tunc</span> <span class='ocrx_word' id='word_1_325' title='bbox 380 3621 554 3698; x_wconf 88' lang='lat' dir='ltr'>Ordinem</span> <span class='ocrx_word' id='word_1_326' title='bbox 591 3619 798 3716; x_wconf 85' lang='lat' dir='ltr'>Principum</span> <span class='ocrx_word' id='word_1_327' title='bbox 835 3620 1050 3694; x_wconf 55' lang='lat' dir='ltr'>constituet</span> 
     </span>
     <span class='ocr_line' id='line_1_59' title="bbox 259 3719 1023 3823; baseline -0.003 -25"><span class='ocrx_word' id='word_1_328' title='bbox 259 3725 373 3814; x_wconf 84' lang='lat' dir='ltr'>bant,</span> <span class='ocrx_word' id='word_1_329' title='bbox 412 3723 663 3823; x_wconf 84' lang='lat' dir='ltr'>distinguentes</span> <span class='ocrx_word' id='word_1_330' title='bbox 703 3719 771 3794; x_wconf 89' lang='lat' dir='ltr'>sese</span> <span class='ocrx_word' id='word_1_331' title='bbox 812 3722 832 3794; x_wconf 74' lang='lat' dir='ltr'>l</span> <span class='ocrx_word' id='word_1_332' title='bbox 873 3721 1023 3820; x_wconf 84' lang='lat' dir='ltr'>reliquis</span> 
     </span>
     <span class='ocr_line' id='line_1_60' title="bbox 257 3820 1019 3921; baseline -0.004 -20"><span class='ocrx_word' id='word_1_333' title='bbox 257 3823 576 3915; x_wconf 75' lang='lat' dir='ltr'>subscribentibus,</span> <span class='ocrx_word' id='word_1_334' title='bbox 614 3820 874 3898; x_wconf 69' lang='lat' dir='ltr'>charasleribus</span> <span class='ocrx_word' id='word_1_335' title='bbox 911 3823 1019 3921; x_wconf 74' lang='lat' dir='ltr'>maju-</span> 
     </span>
     <span class='ocr_line' id='line_1_61' title="bbox 258 3922 1021 4022; baseline -0.005 -20"><span class='ocrx_word' id='word_1_336' title='bbox 258 3926 364 4002; x_wconf 87' lang='lat' dir='ltr'>sculis</span> <span class='ocrx_word' id='word_1_337' title='bbox 390 3953 520 4000; x_wconf 87' lang='lat' dir='ltr'>nomen</span> <span class='ocrx_word' id='word_1_338' title='bbox 547 3924 646 3999; x_wconf 90' lang='lat' dir='ltr'>suum</span> <span class='ocrx_word' id='word_1_339' title='bbox 673 3922 938 4022; x_wconf 80' lang='lat' dir='ltr'>consignando.</span> <span class='ocrx_word' id='word_1_340' title='bbox 966 3923 1021 3998; x_wconf 91' lang='lat' dir='ltr'>ld·</span> 
     </span>
     <span class='ocr_line' id='line_1_62' title="bbox 256 4023 1020 4204; baseline -0.004 -102"><span class='ocrx_word' id='word_1_341' title='bbox 256 4055 328 4204; x_wconf 58' lang='lat' dir='ltr'>quc</span> <span class='ocrx_word' id='word_1_342' title='bbox 354 4027 494 4128; x_wconf 87' lang='lat' dir='ltr'>insuper</span> <span class='ocrx_word' id='word_1_343' title='bbox 518 4029 539 4099; x_wconf 74' lang='lat' dir='ltr'>l</span> <span class='ocrx_word' id='word_1_344' title='bbox 565 4027 674 4118; x_wconf 80' lang='lat' dir='ltr'>Miffis</span> <span class='ocrx_word' id='word_1_345' title='bbox 708 4026 825 4122; x_wconf 84' lang='lat' dir='ltr'>Regiis</span> <span class='ocrx_word' id='word_1_346' title='bbox 859 4023 936 4098; x_wconf 90' lang='lat' dir='ltr'>illis</span> <span class='ocrx_word' id='word_1_347' title='bbox 971 4023 1020 4100; x_wconf 90' lang='lat' dir='ltr'>sa·</span> 
     </span>
    </p>
   </div>
   <div class='ocr_carea' id='block_1_15' title="bbox 298 4123 1090 4225">
    <p class='ocr_par' dir='ltr' id='par_1_15' title="bbox 298 4123 1090 4225">
     <span class='ocr_line' id='line_1_63' title="bbox 298 4123 1090 4225; baseline -0.01 -22"><span class='ocrx_word' id='word_1_348' title='bbox 298 4155 379 4220; x_wconf 91' lang='lat' dir='ltr'>um,</span> <span class='ocrx_word' id='word_1_349' title='bbox 416 4128 549 4225; x_wconf 89' lang='lat' dir='ltr'>quiex</span> <span class='ocrx_word' id='word_1_350' title='bbox 578 4125 784 4223; x_wconf 87' lang='lat' dir='ltr'>Principum</span> <span class='ocrx_word' id='word_1_351' title='bbox 809 4125 947 4200; x_wconf 90' lang='lat' dir='ltr'>Ordine</span> <span class='ocrx_word' id='word_1_352' title='bbox 973 4123 1021 4200; x_wconf 93' lang='lat' dir='ltr'>se·</span> <span class='ocrx_word' id='word_1_353' title='bbox 1061 4125 1090 4195; x_wconf 83' lang='lat' dir='ltr'>E</span> 
     </span>
    </p>
   </div>
   <div class='ocr_carea' id='block_1_16' title="bbox 255 4225 1021 4429">
    <p class='ocr_par' dir='ltr' id='par_1_16' title="bbox 255 4225 1021 4429">
     <span class='ocr_line' id='line_1_64' title="bbox 257 4225 1021 4332; baseline -0.007 -26"><span class='ocrx_word' id='word_1_354' title='bbox 257 4231 478 4332; x_wconf 86' lang='lat' dir='ltr'>ligebantur.</span> <span class='ocrx_word' id='word_1_355' title='bbox 503 4229 615 4332; x_wconf 77' lang='lat' dir='ltr'>Cujus</span> <span class='ocrx_word' id='word_1_356' title='bbox 643 4227 694 4303; x_wconf 91' lang='lat' dir='ltr'>rei</span> <span class='ocrx_word' id='word_1_357' title='bbox 714 4253 824 4302; x_wconf 89' lang='lat' dir='ltr'>unum</span> <span class='ocrx_word' id='word_1_358' title='bbox 849 4225 1021 4322; x_wconf 84' lang='lat' dir='ltr'>proferam</span> 
     </span>
     <span class='ocr_line' id='line_1_65' title="bbox 255 4327 1019 4429; baseline -0.013 -22"><span class='ocrx_word' id='word_1_359' title='bbox 255 4333 484 4429; x_wconf 83' lang='lat' dir='ltr'>exemplum.</span> <span class='ocrx_word' id='word_1_360' title='bbox 511 4331 554 4404; x_wconf 87' lang='lat' dir='ltr'>sn</span> <span class='ocrx_word' id='word_1_361' title='bbox 581 4327 746 4406; x_wconf 77' lang='lat' dir='ltr'>Lucensis</span> <span class='ocrx_word' id='word_1_362' title='bbox 773 4327 1019 4428; x_wconf 84' lang='lat' dir='ltr'>Archiepisco.</span> 
     </span>
    </p>
   </div>
   <div class='ocr_carea' id='block_1_17' title="bbox 1136 3315 1907 3515">
    <p class='ocr_par' dir='ltr' id='par_1_17' title="bbox 1136 3315 1907 3515">
     <span class='ocr_line' id='line_1_66' title="bbox 1136 3315 1907 3414; baseline 0.005 -26"><span class='ocrx_word' id='word_1_363' title='bbox 1136 3315 1171 3384; x_wconf 76' lang='grc' dir='ltr'>δι</span> <span class='ocrx_word' id='word_1_364' title='bbox 1209 3315 1376 3414; x_wconf 82' lang='lat' dir='ltr'>Augustis</span> <span class='ocrx_word' id='word_1_365' title='bbox 1412 3315 1582 3408; x_wconf 84' lang='lat' dir='ltr'>Missoncm</span> <span class='ocrx_word' id='word_1_366' title='bbox 1618 3343 1746 3392; x_wconf 87' lang='lat' dir='ltr'>munus</span> <span class='ocrx_word' id='word_1_367' title='bbox 1773 3315 1907 3392; x_wconf 88' lang='lat' dir='ltr'>desere·</span> 
     </span>
     <span class='ocr_line' id='line_1_67' title="bbox 1139 3413 1904 3515; baseline 0.014 -33"><span class='ocrx_word' id='word_1_368' title='bbox 1139 3413 1241 3486; x_wconf 88' lang='lat' dir='ltr'>batur</span> <span class='ocrx_word' id='word_1_369' title='bbox 1267 3414 1418 3488; x_wconf 84' lang='lat' dir='ltr'>minoris</span> <span class='ocrx_word' id='word_1_370' title='bbox 1444 3417 1633 3515; x_wconf 90' lang='lat' dir='ltr'>dignitatis</span> <span class='ocrx_word' id='word_1_371' title='bbox 1670 3417 1904 3507; x_wconf 87' lang='lat' dir='ltr'>hominibus,</span> 
     </span>
    </p>
   </div>
   <div class='ocr_carea' id='block_1_18' title="bbox 1106 3512 1905 3616">
    <p class='ocr_par' dir='ltr' id='par_1_18' title="bbox 1106 3512 1905 3616">
     <span class='ocr_line' id='line_1_68' title="bbox 1106 3512 1905 3616; baseline 0.011 -31"><span class='ocrx_word' id='word_1_372' title='bbox 1106 3599 1107 3602; x_wconf 8' lang='grc' dir='ltr'><strong>Ἴ</strong></span> <span class='ocrx_word' id='word_1_373' title='bbox 1137 3513 1205 3586; x_wconf 88' lang='lat' dir='ltr'>hnc</span> <span class='ocrx_word' id='word_1_374' title='bbox 1229 3512 1278 3588; x_wconf 87' lang='lat' dir='ltr'>cll</span> <span class='ocrx_word' id='word_1_375' title='bbox 1302 3513 1512 3607; x_wconf 86' lang='lat' dir='ltr'>Judicibus,</span> <span class='ocrx_word' id='word_1_376' title='bbox 1542 3517 1715 3590; x_wconf 87' lang='lat' dir='ltr'>Diacnnis</span> <span class='ocrx_word' id='word_1_377' title='bbox 1740 3521 1808 3590; x_wconf 80' lang='lat' dir='ltr'>dcc.</span> <span class='ocrx_word' id='word_1_378' title='bbox 1840 3521 1905 3616; x_wconf 90' lang='lat' dir='ltr'>qui</span> 
     </span>
    </p>
   </div>
   <div class='ocr_carea' id='block_1_19' title="bbox 1137 3615 1905 3819">
    <p class='ocr_par' dir='ltr' id='par_1_19' title="bbox 1137 3615 1905 3819">
     <span class='ocr_line' id='line_1_69' title="bbox 1137 3615 1905 3733; baseline 0.008 -47"><span class='ocrx_word' id='word_1_379' title='bbox 1137 3631 1320 3733; x_wconf 77' lang='lat' dir='ltr'>propterca</span> <span class='ocrx_word' id='word_1_380' title='bbox 1347 3615 1600 3692; x_wconf 77' lang='lat' dir='ltr'>controversas</span> <span class='ocrx_word' id='word_1_381' title='bbox 1626 3635 1689 3692; x_wconf 90' lang='lat' dir='ltr'>aut</span> <span class='ocrx_word' id='word_1_382' title='bbox 1713 3643 1838 3692; x_wconf 86' lang='lat' dir='ltr'>omncs</span> <span class='ocrx_word' id='word_1_383' title='bbox 1862 3617 1905 3692; x_wconf 81' lang='lat' dir='ltr'>sr-</span> 
     </span>
     <span class='ocr_line' id='line_1_70' title="bbox 1137 3717 1901 3819; baseline 0.005 -29"><span class='ocrx_word' id='word_1_384' title='bbox 1137 3717 1173 3790; x_wconf 85' lang='lat' dir='ltr'>br</span> <span class='ocrx_word' id='word_1_385' title='bbox 1199 3718 1363 3808; x_wconf 89' lang='lat' dir='ltr'>oblatas,</span> <span class='ocrx_word' id='word_1_386' title='bbox 1399 3733 1461 3792; x_wconf 87' lang='lat' dir='ltr'>aut</span> <span class='ocrx_word' id='word_1_387' title='bbox 1486 3717 1699 3819; x_wconf 89' lang='lat' dir='ltr'>fingnlares,</span> <span class='ocrx_word' id='word_1_388' title='bbox 1736 3718 1779 3792; x_wconf 95' lang='lat' dir='ltr'>ad</span> <span class='ocrx_word' id='word_1_389' title='bbox 1813 3745 1901 3818; x_wconf 87' lang='lat' dir='ltr'>quas</span> 
     </span>
    </p>
   </div>
   <div class='ocr_carea' id='block_1_20' title="bbox 1136 3816 1902 3920">
    <p class='ocr_par' dir='ltr' id='par_1_20' title="bbox 1104 3816 1902 3920">
     <span class='ocr_line' id='line_1_71' title="bbox 1136 3816 1902 3920; baseline 0.008 -31.759"><span class='ocrx_word' id='word_1_390' title='bbox 1136 3816 1392 3916; x_wconf 81' lang='lat' dir='ltr'>cognoscendas</span> <span class='ocrx_word' id='word_1_391' title='bbox 1437 3818 1590 3920; x_wconf 90' lang='lat' dir='ltr'>delegati</span> <span class='ocrx_word' id='word_1_392' title='bbox 1636 3837 1768 3914; x_wconf 73' lang='lat' dir='ltr'>erant„</span> <span class='ocrx_word' id='word_1_393' title='bbox 1812 3819 1902 3894; x_wconf 91' lang='lat' dir='ltr'>diri·</span> 
     </span>
    </p>
   </div>
   <div class='ocr_carea' id='block_1_21' title="bbox 1134 3906 1902 4421">
    <p class='ocr_par' dir='ltr' id='par_1_21' title="bbox 1134 3906 1902 4421">
     <span class='ocr_line' id='line_1_72' title="bbox 1137 3906 1902 4021; baseline 0.003 -27"><span class='ocrx_word' id='word_1_394' title='bbox 1137 3921 1304 3996; x_wconf 87' lang='lat' dir='ltr'>mebant.</span> <span class='ocrx_word' id='word_1_395' title='bbox 1340 3925 1382 3996; x_wconf 89' lang='lat' dir='ltr'>ln</span> <span class='ocrx_word' id='word_1_396' title='bbox 1408 3919 1715 4021; x_wconf 78' lang='lat' dir='ltr'>Chartophylacio</span> <span class='ocrx_word' id='word_1_397' title='bbox 1735 3906 1902 4021; x_wconf 74' lang='lat' dir='ltr'>&#39;Capitu-</span> 
     </span>
     <span class='ocr_line' id='line_1_73' title="bbox 1134 4019 1902 4108; baseline 0.003 -12"><span class='ocrx_word' id='word_1_398' title='bbox 1134 4019 1165 4098; x_wconf 92' lang='lat' dir='ltr'>li</span> <span class='ocrx_word' id='word_1_399' title='bbox 1200 4019 1466 4098; x_wconf 78' lang='lat' dir='ltr'>Can&#39;nnicorum</span> <span class='ocrx_word' id='word_1_400' title='bbox 1502 4019 1792 4108; x_wconf 84' lang='lat' dir='ltr'>Cremonenfium</span> <span class='ocrx_word' id='word_1_401' title='bbox 1823 4026 1902 4098; x_wconf 74' lang='lat'>1²12.</span> 
     </span>
     <span class='ocr_line' id='line_1_74' title="bbox 1135 4121 1902 4222; baseline -0.005 -26"><span class='ocrx_word' id='word_1_402' title='bbox 1135 4121 1248 4197; x_wconf 88' lang='lat' dir='ltr'>citum</span> <span class='ocrx_word' id='word_1_403' title='bbox 1289 4123 1394 4212; x_wconf 90' lang='lat' dir='ltr'>vidi,</span> <span class='ocrx_word' id='word_1_404' title='bbox 1435 4122 1597 4198; x_wconf 88' lang='lat' dir='ltr'>habitum</span> <span class='ocrx_word' id='word_1_405' title='bbox 1638 4129 1759 4196; x_wconf 79' lang='lat' dir='ltr'>Hanno</span> <span class='ocrx_word' id='word_1_406' title='bbox 1799 4129 1902 4222; x_wconf 82' lang='lat' dir='ltr'>Impc.</span> 
     </span>
     <span class='ocr_line' id='line_1_75' title="bbox 1135 4225 1900 4324; baseline 0.009 -30"><span class='ocrx_word' id='word_1_407' title='bbox 1135 4225 1179 4296; x_wconf 90' lang='lat' dir='ltr'>rii</span> <span class='ocrx_word' id='word_1_408' title='bbox 1205 4225 1327 4298; x_wconf 89' lang='lat' dir='ltr'>Domni</span> <span class='ocrx_word' id='word_1_409' title='bbox 1361 4225 1518 4316; x_wconf 84' lang='lat' dir='ltr'>Hortoni,</span> <span class='ocrx_word' id='word_1_410' title='bbox 1553 4231 1621 4300; x_wconf 88' lang='lat' dir='ltr'>Deo</span> <span class='ocrx_word' id='word_1_411' title='bbox 1641 4227 1804 4324; x_wconf 85' lang='lat' dir='ltr'>propicio,</span> <span class='ocrx_word' id='word_1_412' title='bbox 1840 4232 1900 4302; x_wconf 82' lang='lat' dir='ltr'>IX.</span> 
     </span>
     <span class='ocr_line' id='line_1_76' title="bbox 1134 4323 1900 4421; baseline -0.003 -25"><span class='ocrx_word' id='word_1_413' title='bbox 1134 4327 1260 4421; x_wconf 73' lang='lat' dir='ltr'>Quinto</span> <span class='ocrx_word' id='word_1_414' title='bbox 1298 4325 1353 4396; x_wconf 86' lang='lat' dir='ltr'>die</span> <span class='ocrx_word' id='word_1_415' title='bbox 1389 4323 1514 4412; x_wconf 78' lang='lat' dir='ltr'>Mensis</span> <span class='ocrx_word' id='word_1_416' title='bbox 1551 4328 1770 4421; x_wconf 76' lang='lat' dir='ltr'>septembris,</span> <span class='ocrx_word' id='word_1_417' title='bbox 1806 4330 1900 4400; x_wconf 79' lang='lat' dir='ltr'>Indi.</span> 
     </span>
    </p>
   </div>
   <div class='ocr_carea' id='block_1_22' title="bbox 257 4415 1901 4532">
    <p class='ocr_par' dir='ltr' id='par_1_22' title="bbox 257 4415 1901 4532">
     <span class='ocr_line' id='line_1_77' title="bbox 257 4415 1901 4532; baseline -0.001 -26"><span class='ocrx_word' id='word_1_418' title='bbox 257 4434 311 4532; x_wconf 89' lang='lat' dir='ltr'>pii</span> <span class='ocrx_word' id='word_1_419' title='bbox 348 4431 538 4508; x_wconf 87' lang='lat' dir='ltr'>Chartario</span> <span class='ocrx_word' id='word_1_420' title='bbox 574 4431 752 4506; x_wconf 87' lang='lat' dir='ltr'>Placitum</span> <span class='ocrx_word' id='word_1_421' title='bbox 790 4429 1020 4530; x_wconf 84' lang='lat' dir='ltr'>archetypum</span> <span class='ocrx_word' id='word_1_422' title='bbox 1105 4415 1234 4500; x_wconf 72' lang='lat' dir='ltr'>lillone</span> <span class='ocrx_word' id='word_1_423' title='bbox 1252 4431 1309 4502; x_wconf 84' lang='lat' dir='ltr'>IV.</span> <span class='ocrx_word' id='word_1_424' title='bbox 1323 4424 1415 4502; x_wconf 88' lang='lat' dir='ltr'>idest</span> <span class='ocrx_word' id='word_1_425' title='bbox 1431 4429 1541 4502; x_wconf 89' lang='lat' dir='ltr'>Anno</span> <span class='ocrx_word' id='word_1_426' title='bbox 1561 4426 1693 4502; x_wconf 82' lang='lat' dir='ltr'>Christi</span> <span class='ocrx_word' id='word_1_427' title='bbox 1714 4429 1901 4504; x_wconf 89' lang='lat' dir='ltr'>DCCCC·</span> 
     </span>
    </p>
   </div>
   <div class='ocr_carea' id='block_1_23' title="bbox 252 4529 1900 5224">
    <p class='ocr_par' dir='ltr' id='par_1_23' title="bbox 252 4529 1900 5224">
     <span class='ocr_line' id='line_1_78' title="bbox 256 4529 1899 4634; baseline -0.002 -26"><span class='ocrx_word' id='word_1_428' title='bbox 256 4531 365 4624; x_wconf 78' lang='lat' dir='ltr'>aidi,</span> <span class='ocrx_word' id='word_1_429' title='bbox 400 4533 570 4634; x_wconf 88' lang='lat' dir='ltr'>scriptum</span> <span class='ocrx_word' id='word_1_430' title='bbox 597 4535 708 4606; x_wconf 88' lang='lat' dir='ltr'>Anno</span> <span class='ocrx_word' id='word_1_431' title='bbox 732 4529 867 4606; x_wconf 84' lang='lat' dir='ltr'>Christi</span> <span class='ocrx_word' id='word_1_432' title='bbox 893 4535 1020 4608; x_wconf 85' lang='lat' dir='ltr'><strong>MLV.</strong></span> <span class='ocrx_word' id='word_1_433' title='bbox 1134 4533 1285 4606; x_wconf 78' lang='lat' dir='ltr'>Lxxv,</span> <span class='ocrx_word' id='word_1_434' title='bbox 1325 4555 1370 4602; x_wconf 86' lang='lat' dir='ltr'>ex</span> <span class='ocrx_word' id='word_1_435' title='bbox 1409 4554 1482 4626; x_wconf 90' lang='lat' dir='ltr'>quo</span> <span class='ocrx_word' id='word_1_436' title='bbox 1523 4529 1608 4603; x_wconf 87' lang='lat' dir='ltr'>hacc</span> <span class='ocrx_word' id='word_1_437' title='bbox 1656 4555 1765 4624; x_wconf 83' lang='lat' dir='ltr'>pauca</span> <span class='ocrx_word' id='word_1_438' title='bbox 1808 4529 1899 4604; x_wconf 90' lang='lat' dir='ltr'>deli·</span> 
     </span>
     <span class='ocr_line' id='line_1_79' title="bbox 260 4629 1898 4733; baseline -0.004 -23"><span class='ocrx_word' id='word_1_439' title='bbox 260 4661 304 4710; x_wconf 81' lang='lat' dir='ltr'>ex</span> <span class='ocrx_word' id='word_1_440' title='bbox 331 4661 403 4733; x_wconf 89' lang='lat' dir='ltr'>quo</span> <span class='ocrx_word' id='word_1_441' title='bbox 436 4633 522 4708; x_wconf 84' lang='lat' dir='ltr'>haee</span> <span class='ocrx_word' id='word_1_442' title='bbox 553 4631 726 4731; x_wconf 76' lang='lat' dir='ltr'>excerpsi:</span> <span class='ocrx_word' id='word_1_443' title='bbox 764 4639 853 4705; x_wconf 80' lang='lat' dir='ltr'>Dum</span> <span class='ocrx_word' id='word_1_444' title='bbox 886 4634 921 4706; x_wconf 83' lang='lat' dir='ltr'>in</span> <span class='ocrx_word' id='word_1_445' title='bbox 956 4634 1022 4706; x_wconf 89' lang='lat' dir='ltr'>Dei</span> <span class='ocrx_word' id='word_1_446' title='bbox 1133 4629 1244 4705; x_wconf 85' lang='lat' dir='ltr'>bavi:</span> <span class='ocrx_word' id='word_1_447' title='bbox 1286 4635 1375 4703; x_wconf 85' lang='lat' dir='ltr'>Dum</span> <span class='ocrx_word' id='word_1_448' title='bbox 1410 4631 1446 4702; x_wconf 84' lang='lat' dir='ltr'>iro</span> <span class='ocrx_word' id='word_1_449' title='bbox 1479 4631 1545 4710; x_wconf 85' lang='lat' dir='ltr'>Dei</span> <span class='ocrx_word' id='word_1_450' title='bbox 1579 4631 1728 4722; x_wconf 85' lang='lat' dir='ltr'>nomine,</span> <span class='ocrx_word' id='word_1_451' title='bbox 1763 4631 1898 4704; x_wconf 79' lang='lat' dir='ltr'>Civica·</span> 
     </span>
     <span class='ocr_line' id='line_1_80' title="bbox 258 4731 1899 4832; baseline -0.003 -21"><span class='ocrx_word' id='word_1_452' title='bbox 258 4737 404 4826; x_wconf 80' lang='lat' dir='ltr'>nomine,</span> <span class='ocrx_word' id='word_1_453' title='bbox 430 4735 467 4806; x_wconf 93' lang='lat' dir='ltr'>in</span> <span class='ocrx_word' id='word_1_454' title='bbox 491 4737 622 4808; x_wconf 71' lang='lat' dir='ltr'>Palatio</span> <span class='ocrx_word' id='word_1_455' title='bbox 644 4733 778 4808; x_wconf 85' lang='lat' dir='ltr'>Domini</span> <span class='ocrx_word' id='word_1_456' title='bbox 798 4736 1021 4832; x_wconf 77' lang='lat' dir='ltr'>imperatoris,</span> <span class='ocrx_word' id='word_1_457' title='bbox 1132 4753 1165 4804; x_wconf 83' lang='lat' dir='ltr'>ee</span> <span class='ocrx_word' id='word_1_458' title='bbox 1188 4733 1316 4832; x_wconf 76' lang='lat' dir='ltr'>Papia,</span> <span class='ocrx_word' id='word_1_459' title='bbox 1354 4731 1389 4803; x_wconf 94' lang='lat' dir='ltr'>in</span> <span class='ocrx_word' id='word_1_460' title='bbox 1423 4739 1521 4806; x_wconf 80' lang='lat' dir='ltr'>Curre</span> <span class='ocrx_word' id='word_1_461' title='bbox 1543 4733 1673 4830; x_wconf 81' lang='lat' dir='ltr'>proprio</span> <span class='ocrx_word' id='word_1_462' title='bbox 1697 4733 1819 4804; x_wconf 92' lang='lat' dir='ltr'>Domni</span> <span class='ocrx_word' id='word_1_463' title='bbox 1842 4737 1899 4806; x_wconf 69' lang='lat' dir='ltr'>crs·</span> 
     </span>
     <span class='ocr_line' id='line_1_81' title="bbox 260 4833 1897 4936; baseline -0.004 -26"><span class='ocrx_word' id='word_1_464' title='bbox 260 4839 317 4936; x_wconf 78' lang='lat' dir='ltr'>qni</span> <span class='ocrx_word' id='word_1_465' title='bbox 340 4837 383 4925; x_wconf 77' lang='lat' dir='ltr'>ess</span> <span class='ocrx_word' id='word_1_466' title='bbox 405 4857 500 4932; x_wconf 84' lang='lat' dir='ltr'>pmpe</span> <span class='ocrx_word' id='word_1_467' title='bbox 537 4837 636 4908; x_wconf 81' lang='lat' dir='ltr'>maris</span> <span class='ocrx_word' id='word_1_468' title='bbox 669 4835 880 4910; x_wconf 68' lang='lat' dir='ltr'>decivitate</span> <span class='ocrx_word' id='word_1_469' title='bbox 904 4843 1020 4928; x_wconf 80' lang='lat' dir='ltr'>Luca,</span> <span class='ocrx_word' id='word_1_470' title='bbox 1131 4835 1248 4925; x_wconf 81' lang='lat' dir='ltr'>demi,</span> <span class='ocrx_word' id='word_1_471' title='bbox 1273 4833 1331 4931; x_wconf 81' lang='lat' dir='ltr'>qai</span> <span class='ocrx_word' id='word_1_472' title='bbox 1356 4835 1402 4906; x_wconf 67' lang='lat' dir='ltr'>O</span> <span class='ocrx_word' id='word_1_473' title='bbox 1419 4836 1550 4930; x_wconf 60' lang='lat' dir='ltr'>&#39;Amiso</span> <span class='ocrx_word' id='word_1_474' title='bbox 1574 4839 1607 4926; x_wconf 84' lang='lat' dir='ltr'><em>J</em></span> <span class='ocrx_word' id='word_1_475' title='bbox 1608 4836 1715 4923; x_wconf 71' lang='lat' dir='ltr'>idere,</span> <span class='ocrx_word' id='word_1_476' title='bbox 1748 4853 1807 4930; x_wconf 82' lang='lat' dir='ltr'>per</span> <span class='ocrx_word' id='word_1_477' title='bbox 1838 4837 1897 4904; x_wconf 79' lang='lat' dir='ltr'>do·</span> 
     </span>
     <span class='ocr_line' id='line_1_82' title="bbox 257 4930 1900 5032; baseline -0.008 -21"><span class='ocrx_word' id='word_1_478' title='bbox 257 4938 437 5032; x_wconf 73' lang='lat' dir='ltr'>injudicio</span> <span class='ocrx_word' id='word_1_479' title='bbox 461 4934 602 5028; x_wconf 79' lang='lat' dir='ltr'>resedisse</span> <span class='ocrx_word' id='word_1_480' title='bbox 629 4945 780 5011; x_wconf 78' lang='lat' dir='ltr'>‚Donmm</span> <span class='ocrx_word' id='word_1_481' title='bbox 814 4939 1022 5012; x_wconf 78' lang='lat' dir='ltr'>Edherardros</span> <span class='ocrx_word' id='word_1_482' title='bbox 1134 4955 1170 5010; x_wconf 79' lang='lat' dir='ltr'>tc</span> <span class='ocrx_word' id='word_1_483' title='bbox 1204 4935 1363 5026; x_wconf 75' lang='lat' dir='ltr'>licentior,</span> <span class='ocrx_word' id='word_1_484' title='bbox 1403 4935 1438 5010; x_wconf 81' lang='lat' dir='ltr'>in</span> <span class='ocrx_word' id='word_1_485' title='bbox 1472 4935 1596 5032; x_wconf 74' lang='lat' dir='ltr'>judicio</span> <span class='ocrx_word' id='word_1_486' title='bbox 1622 4933 1766 5022; x_wconf 72' lang='lat' dir='ltr'>rrsiderce</span> <span class='ocrx_word' id='word_1_487' title='bbox 1804 4930 1900 5004; x_wconf 85' lang='lat' dir='ltr'>Wol-</span> 
     </span>
     <span class='ocr_line' id='line_1_83' title="bbox 252 5027 1898 5210; baseline -0.009 -94"><span class='ocrx_word' id='word_1_488' title='bbox 252 5041 449 5140; x_wconf 74' lang='lat' dir='ltr'>Episeopno‚</span> <span class='ocrx_word' id='word_1_489' title='bbox 474 5035 597 5136; x_wconf 79' lang='lat' dir='ltr'>Missos</span> <span class='ocrx_word' id='word_1_490' title='bbox 614 5040 737 5114; x_wconf 89' lang='lat' dir='ltr'>Domni</span> <span class='ocrx_word' id='word_1_491' title='bbox 758 5041 958 5138; x_wconf 68' lang='lat' dir='ltr'>superatoris</span> <span class='ocrx_word' id='word_1_492' title='bbox 973 5041 1021 5114; x_wconf 76' lang='lat' dir='ltr'>cd</span> <span class='ocrx_word' id='word_1_493' title='bbox 1104 5061 1106 5074; x_wconf 71' lang='grc'><strong><em>’</em></strong></span> <span class='ocrx_word' id='word_1_494' title='bbox 1135 5035 1238 5115; x_wconf 71' lang='lat' dir='ltr'>corios</span> <span class='ocrx_word' id='word_1_495' title='bbox 1271 5037 1388 5210; x_wconf 48' lang='lat' dir='ltr'>&#39;bam</span> <span class='ocrx_word' id='word_1_496' title='bbox 1431 5039 1475 5112; x_wconf 77' lang='lat' dir='ltr'>O·</span> <span class='ocrx_word' id='word_1_497' title='bbox 1513 5033 1634 5137; x_wconf 74' lang='lat' dir='ltr'>Missus</span> <span class='ocrx_word' id='word_1_498' title='bbox 1676 5027 1796 5106; x_wconf 85' lang='lat' dir='ltr'>Domni</span> <span class='ocrx_word' id='word_1_499' title='bbox 1833 5031 1898 5102; x_wconf 84' lang='lat' dir='ltr'>lm·</span> 
     </span>
     <span class='ocr_line' id='line_1_84' title="bbox 1372 5147 1848 5224; baseline 0.002 -25"><span class='ocrx_word' id='word_1_500' title='bbox 1372 5159 1395 5224; x_wconf 83' lang='lat'>².</span> <span class='ocrx_word' id='word_1_501' title='bbox 1723 5147 1848 5224; x_wconf 76' lang='lat' dir='ltr'>petato·</span> 
     </span>
    </p>
   </div>
   <div class='ocr_carea' id='block_1_24' title="bbox 0 0 2290 6096">
    <p class='ocr_par' dir='ltr' id='par_1_24' title="bbox 0 0 2290 6096">
     <span class='ocr_line' id='line_1_85' title="bbox 0 0 2290 6096; baseline 0 3"><span class='ocrx_word' id='word_1_502' title='bbox 0 0 2290 6096; x_wconf 95' lang='lat' dir='ltr'> </span> 
     </span>
    </p>
   </div>
  </div>
 </body>
</html>
