<?xml version="1.0" encoding="UTF-8"?>
<!DOCTYPE html PUBLIC "-//W3C//DTD XHTML 1.0 Transitional//EN"
    "http://www.w3.org/TR/xhtml1/DTD/xhtml1-transitional.dtd">
<html xmlns="http://www.w3.org/1999/xhtml" xml:lang="en" lang="en">
 <head>
  <title>
</title>
<meta http-equiv="Content-Type" content="text/html;charset=utf-8" />
  <meta name='ocr-system' content='tesseract 3.04.00' />
  <meta name='ocr-capabilities' content='ocr_page ocr_carea ocr_par ocr_line ocrx_word'/>
</head>
<body>
  <div class='ocr_page' id='page_1' title='image "./antiquitatesita03muragoog_0292.png"; bbox 0 0 4550 6072; ppageno 0'>
   <div class='ocr_carea' id='block_1_1' title="bbox 315 349 1826 476">
    <p class='ocr_par' dir='ltr' id='par_1_1' title="bbox 315 349 1826 476">
     <span class='ocr_line' id='line_1_1' title="bbox 315 349 1826 476; baseline -0.007 -26"><span class='ocrx_word' id='word_1_1' title='bbox 315 369 396 474; x_wconf 56' lang='lat' dir='ltr'><em>em</em></span> <span class='ocrx_word' id='word_1_2' title='bbox 615 354 984 450; x_wconf 78' lang='lat' dir='ltr'><em>nrrsrmnrro</em></span> <span class='ocrx_word' id='word_1_3' title='bbox 1025 349 1522 476; x_wconf 66' lang='lat' dir='ltr'><em>munumentum.</em></span> <span class='ocrx_word' id='word_1_4' title='bbox 1744 363 1826 466; x_wconf 59' lang='grc' dir='ltr'><em>,ω</em></span> 
     </span>
    </p>
   </div>
   <div class='ocr_carea' id='block_1_2' title="bbox 1093 467 1892 1156">
    <p class='ocr_par' dir='ltr' id='par_1_2' title="bbox 1093 467 1892 1156">
     <span class='ocr_line' id='line_1_2' title="bbox 1124 467 1889 574; baseline -0.003 -28"><span class='ocrx_word' id='word_1_5' title='bbox 1124 471 1194 548; x_wconf 85' lang='lat' dir='ltr'><em>fine</em></span> <span class='ocrx_word' id='word_1_6' title='bbox 1220 475 1352 548; x_wconf 86' lang='lat' dir='ltr'><em>tabulis</em></span> <span class='ocrx_word' id='word_1_7' title='bbox 1377 501 1424 550; x_wconf 87' lang='lat' dir='ltr'><em>ex</em></span> <span class='ocrx_word' id='word_1_8' title='bbox 1443 468 1615 574; x_wconf 90' lang='lat' dir='ltr'><em>opinione</em></span> <span class='ocrx_word' id='word_1_9' title='bbox 1635 467 1756 568; x_wconf 83' lang='lat' dir='ltr'><em>potius</em></span> <span class='ocrx_word' id='word_1_10' title='bbox 1781 468 1889 568; x_wconf 75' lang='lat' dir='ltr'><em>quint</em></span> 
     </span>
     <span class='ocr_line' id='line_1_3' title="bbox 1123 569 1891 674; baseline -0.008 -24"><span class='ocrx_word' id='word_1_11' title='bbox 1123 601 1168 650; x_wconf 81' lang='lat' dir='ltr'><em>ex</em></span> <span class='ocrx_word' id='word_1_12' title='bbox 1195 593 1290 648; x_wconf 90' lang='lat' dir='ltr'><em>certa</em></span> <span class='ocrx_word' id='word_1_13' title='bbox 1316 573 1367 649; x_wconf 84' lang='lat' dir='ltr'><em>rei</em></span> <span class='ocrx_word' id='word_1_14' title='bbox 1404 571 1610 674; x_wconf 80' lang='lat' dir='ltr'><strong>cognitione</strong></span> <span class='ocrx_word' id='word_1_15' title='bbox 1645 569 1775 671; x_wconf 87' lang='lat' dir='ltr'><em>loqui,</em></span> <span class='ocrx_word' id='word_1_16' title='bbox 1811 595 1891 669; x_wconf 86' lang='lat' dir='ltr'><em>age·</em></span> 
     </span>
     <span class='ocr_line' id='line_1_4' title="bbox 1124 671 1892 772; baseline -0.013 -24"><span class='ocrx_word' id='word_1_17' title='bbox 1124 674 1189 768; x_wconf 87' lang='lat' dir='ltr'><em>srs,</em></span> <span class='ocrx_word' id='word_1_18' title='bbox 1212 675 1397 750; x_wconf 82' lang='lat' dir='ltr'><em>&#39;Chartam</em></span> <span class='ocrx_word' id='word_1_19' title='bbox 1424 673 1566 772; x_wconf 82' lang='lat' dir='ltr'>accipe,</span> <span class='ocrx_word' id='word_1_20' title='bbox 1602 671 1700 770; x_wconf 75' lang='lat' dir='ltr'><em>cujus</em></span> <span class='ocrx_word' id='word_1_21' title='bbox 1727 689 1892 771; x_wconf 74' lang='lat' dir='ltr'><em>autogra-</em></span> 
     </span>
     <span class='ocr_line' id='line_1_5' title="bbox 1127 771 1892 876; baseline -0.005 -26"><span class='ocrx_word' id='word_1_22' title='bbox 1127 775 1235 876; x_wconf 89' lang='lat' dir='ltr'><em>phum</em></span> <span class='ocrx_word' id='word_1_23' title='bbox 1264 778 1301 852; x_wconf 93' lang='lat' dir='ltr'><em>in</em></span> <span class='ocrx_word' id='word_1_24' title='bbox 1329 775 1391 852; x_wconf 87' lang='lat' dir='ltr'><em>suo</em></span> <span class='ocrx_word' id='word_1_25' title='bbox 1411 773 1575 851; x_wconf 76' lang='lat' dir='ltr'><em>Archino</em></span> <span class='ocrx_word' id='word_1_26' title='bbox 1594 771 1754 865; x_wconf 87' lang='lat' dir='ltr'><em>servant,</em></span> <span class='ocrx_word' id='word_1_27' title='bbox 1783 773 1892 846; x_wconf 87' lang='lat' dir='ltr'><em>milri·</em></span> 
     </span>
     <span class='ocr_line' id='line_1_6' title="bbox 1126 867 1890 976; baseline -0.008 -22"><span class='ocrx_word' id='word_1_28' title='bbox 1126 905 1195 976; x_wconf 88' lang='lat' dir='ltr'><em>que</em></span> <span class='ocrx_word' id='word_1_29' title='bbox 1214 878 1452 956; x_wconf 89' lang='lat' dir='ltr'><em>exhibuerunt</em></span> <span class='ocrx_word' id='word_1_30' title='bbox 1470 873 1646 952; x_wconf 89' lang='lat' dir='ltr'><em>Monaehi</em></span> <span class='ocrx_word' id='word_1_31' title='bbox 1665 867 1890 952; x_wconf 76' lang='lat' dir='ltr'><em>Benediilini</em></span> 
     </span>
     <span class='ocr_line' id='line_1_7' title="bbox 1093 977 1677 1156; baseline -0.014 -102"><span class='ocrx_word' id='word_1_32' title='bbox 1093 1003 1100 1156; x_wconf 76' lang='lat' dir='ltr'><em>q</em></span> <span class='ocrx_word' id='word_1_33' title='bbox 1130 977 1342 1082; x_wconf 77' lang='lat' dir='ltr'><em>Regienlee..</em></span> <span class='ocrx_word' id='word_1_34' title='bbox 1468 1073 1470 1078; x_wconf 20' lang='grc' dir='ltr'>Ι</span> <span class='ocrx_word' id='word_1_35' title='bbox 1664 988 1677 1081; x_wconf 79' lang='lat' dir='ltr'><em>t</em></span> 
     </span>
    </p>
   </div>
   <div class='ocr_carea' id='block_1_3' title="bbox 254 473 1018 980">
    <p class='ocr_par' dir='ltr' id='par_1_3' title="bbox 254 473 1018 980">
     <span class='ocr_line' id='line_1_8' title="bbox 254 473 1018 578; baseline 0 -30"><span class='ocrx_word' id='word_1_36' title='bbox 254 477 397 552; x_wconf 81' lang='lat' dir='ltr'><em>testatur</em></span> <span class='ocrx_word' id='word_1_37' title='bbox 422 473 463 552; x_wconf 91' lang='lat' dir='ltr'><em>in</em></span> <span class='ocrx_word' id='word_1_38' title='bbox 487 475 594 578; x_wconf 74' lang='lat' dir='ltr'><em>Epist</em></span> <span class='ocrx_word' id='word_1_39' title='bbox 619 483 676 558; x_wconf 84' lang='lat'><em>16.</em></span> <span class='ocrx_word' id='word_1_40' title='bbox 703 479 789 556; x_wconf 90' lang='lat' dir='ltr'><em>Lib.</em></span> <span class='ocrx_word' id='word_1_41' title='bbox 816 483 852 555; x_wconf 89' lang='lat'><em>8.</em></span> <span class='ocrx_word' id='word_1_42' title='bbox 878 477 1018 550; x_wconf 86' lang='lat' dir='ltr'><strong>Plinius</strong></span> 
     </span>
     <span class='ocr_line' id='line_1_9' title="bbox 256 573 1017 680; baseline -0.001 -28"><span class='ocrx_word' id='word_1_43' title='bbox 256 573 395 674; x_wconf 84' lang='lat' dir='ltr'><em>junior.</em></span> <span class='ocrx_word' id='word_1_44' title='bbox 423 579 530 671; x_wconf 89' lang='lat' dir='ltr'><em>Qund</em></span> <span class='ocrx_word' id='word_1_45' title='bbox 555 582 664 656; x_wconf 86' lang='lat' dir='ltr'><em>etiam</em></span> <span class='ocrx_word' id='word_1_46' title='bbox 688 577 933 680; x_wconf 78' lang='lat' dir='ltr'><em>posterioribus</em></span> <span class='ocrx_word' id='word_1_47' title='bbox 961 582 1017 652; x_wconf 89' lang='lat' dir='ltr'><em>Se·</em></span> 
     </span>
     <span class='ocr_line' id='line_1_10' title="bbox 254 677 1015 783; baseline 0 -31"><span class='ocrx_word' id='word_1_48' title='bbox 254 681 345 754; x_wconf 88' lang='lat' dir='ltr'><em>culis</em></span> <span class='ocrx_word' id='word_1_49' title='bbox 367 680 590 774; x_wconf 80' lang='lat' dir='ltr'><em>permifl&#39;um,</em></span> <span class='ocrx_word' id='word_1_50' title='bbox 609 701 715 783; x_wconf 85' lang='lat' dir='ltr'><em>atque</em></span> <span class='ocrx_word' id='word_1_51' title='bbox 729 681 906 756; x_wconf 88' lang='lat' dir='ltr'><em>interdum</em></span> <span class='ocrx_word' id='word_1_52' title='bbox 922 677 1015 752; x_wconf 90' lang='lat' dir='ltr'><em>ulur·</em></span> 
     </span>
     <span class='ocr_line' id='line_1_11' title="bbox 255 778 1015 884; baseline 0 -30"><span class='ocrx_word' id='word_1_53' title='bbox 255 801 377 880; x_wconf 92' lang='lat' dir='ltr'><em>patum</em></span> <span class='ocrx_word' id='word_1_54' title='bbox 405 781 474 882; x_wconf 81' lang='lat' dir='ltr'><em>ell3</em></span> <span class='ocrx_word' id='word_1_55' title='bbox 503 788 616 884; x_wconf 81' lang='lat' dir='ltr'>Leges</span> <span class='ocrx_word' id='word_1_56' title='bbox 647 785 743 860; x_wconf 90' lang='lat' dir='ltr'><em>enim</em></span> <span class='ocrx_word' id='word_1_57' title='bbox 770 778 1015 883; x_wconf 85' lang='lat' dir='ltr'><em>Langobardi·</em></span> 
     </span>
     <span class='ocr_line' id='line_1_12' title="bbox 256 881 1013 980; baseline -0.001 -24"><span class='ocrx_word' id='word_1_58' title='bbox 256 907 338 972; x_wconf 88' lang='lat' dir='ltr'><em>cae,</em></span> <span class='ocrx_word' id='word_1_59' title='bbox 365 883 459 980; x_wconf 88' lang='lat' dir='ltr'><em>quod</em></span> <span class='ocrx_word' id='word_1_60' title='bbox 485 883 531 957; x_wconf 87' lang='lat' dir='ltr'><em>est</em></span> <span class='ocrx_word' id='word_1_61' title='bbox 547 887 599 960; x_wconf 85' lang='lat' dir='ltr'><em>‘ad</em></span> <span class='ocrx_word' id='word_1_62' title='bbox 619 891 771 975; x_wconf 83' lang='lat' dir='ltr'>Servos,</span> <span class='ocrx_word' id='word_1_63' title='bbox 797 881 865 958; x_wconf 90' lang='lat' dir='ltr'><em>sese</em></span> <span class='ocrx_word' id='word_1_64' title='bbox 886 887 1013 957; x_wconf 87' lang='lat' dir='ltr'><em>Roma·</em></span> 
     </span>
    </p>
   </div>
   <div class='ocr_carea' id='block_1_4' title="bbox 241 986 1020 1174">
    <p class='ocr_par' dir='ltr' id='par_1_4' title="bbox 241 986 1020 1174">
     <span class='ocr_line' id='line_1_13' title="bbox 256 986 1019 1090; baseline 0.005 -34"><span class='ocrx_word' id='word_1_65' title='bbox 256 1009 382 1058; x_wconf 90' lang='lat' dir='ltr'><em>norum</em></span> <span class='ocrx_word' id='word_1_66' title='bbox 419 986 575 1061; x_wconf 88' lang='lat' dir='ltr'><em>moribus</em></span> <span class='ocrx_word' id='word_1_67' title='bbox 600 986 694 1090; x_wconf 80' lang='lat' dir='ltr'><em>quali</em></span> <span class='ocrx_word' id='word_1_68' title='bbox 723 986 856 1084; x_wconf 90' lang='lat' dir='ltr'><em>semper</em></span> <span class='ocrx_word' id='word_1_69' title='bbox 883 1009 1019 1060; x_wconf 79' lang='lat' dir='ltr'><em>accom-</em></span> 
     </span>
     <span class='ocr_line' id='line_1_14' title="bbox 241 1085 1020 1174; baseline -0.001 -16"><span class='ocrx_word' id='word_1_70' title='bbox 241 1085 467 1162; x_wconf 77' lang='lat' dir='ltr'><em>modarunt.</em></span> <span class='ocrx_word' id='word_1_71' title='bbox 485 1089 550 1162; x_wconf 85' lang='lat' dir='ltr'><em>Sed</em></span> <span class='ocrx_word' id='word_1_72' title='bbox 569 1117 613 1168; x_wconf 92' lang='lat' dir='ltr'><em>ne</em></span> <span class='ocrx_word' id='word_1_73' title='bbox 630 1089 751 1166; x_wconf 86' lang='lat' dir='ltr'><em>uidear</em></span> <span class='ocrx_word' id='word_1_74' title='bbox 765 1087 835 1164; x_wconf 86' lang='lat' dir='ltr'><em>fine</em></span> <span class='ocrx_word' id='word_1_75' title='bbox 855 1085 1020 1174; x_wconf 86' lang='lat' dir='ltr'><em>testibus,</em></span> 
     </span>
    </p>
   </div>
   <div class='ocr_carea' id='block_1_5' title="bbox 372 1311 1772 1672">
    <p class='ocr_par' dir='ltr' id='par_1_5' title="bbox 372 1311 1772 1672">
     <span class='ocr_line' id='line_1_15' title="bbox 372 1311 1772 1408; baseline 0.003 -8"><span class='ocrx_word' id='word_1_76' title='bbox 372 1314 551 1404; x_wconf 85' lang='lat' dir='ltr'><em>Donatio</em></span> <span class='ocrx_word' id='word_1_77' title='bbox 580 1317 681 1406; x_wconf 71' lang='lat' dir='ltr'><em>labia</em></span> <span class='ocrx_word' id='word_1_78' title='bbox 710 1323 760 1408; x_wconf 85' lang='lat' dir='ltr'><em>ab</em></span> <span class='ocrx_word' id='word_1_79' title='bbox 792 1319 961 1408; x_wconf 89' lang='lat' dir='ltr'><em>Alberto</em></span> <span class='ocrx_word' id='word_1_80' title='bbox 991 1318 1116 1402; x_wconf 86' lang='lat' dir='ltr'><em>Servo</em></span> <span class='ocrx_word' id='word_1_81' title='bbox 1145 1315 1292 1404; x_wconf 89' lang='lat' dir='ltr'><em>Uberti</em></span> <span class='ocrx_word' id='word_1_82' title='bbox 1323 1312 1497 1404; x_wconf 87' lang='lat' dir='ltr'><em>Comitis</em></span> <span class='ocrx_word' id='word_1_83' title='bbox 1528 1311 1772 1404; x_wconf 87' lang='lat' dir='ltr'><em>Monallerio</em></span> 
     </span>
     <span class='ocr_line' id='line_1_16' title="bbox 488 1433 1654 1554; baseline 0 -30"><span class='ocrx_word' id='word_1_84' title='bbox 488 1437 622 1524; x_wconf 73' lang='lat' dir='ltr'><em>Sanbli</em></span> <span class='ocrx_word' id='word_1_85' title='bbox 651 1439 847 1554; x_wconf 82' lang='lat' dir='ltr'><em>Prosperi,</em></span> <span class='ocrx_word' id='word_1_86' title='bbox 877 1469 981 1526; x_wconf 87' lang='lat' dir='ltr'><em>nune</em></span> <span class='ocrx_word' id='word_1_87' title='bbox 1008 1433 1140 1520; x_wconf 77' lang='lat' dir='ltr'><em>Sanni</em></span> <span class='ocrx_word' id='word_1_88' title='bbox 1171 1437 1305 1544; x_wconf 80' lang='lat' dir='ltr'><em>Petri,</em></span> <span class='ocrx_word' id='word_1_89' title='bbox 1329 1435 1532 1550; x_wconf 82' lang='lat' dir='ltr'><em>Regienlis</em></span> <span class='ocrx_word' id='word_1_90' title='bbox 1561 1465 1654 1524; x_wconf 85' lang='lat' dir='ltr'><em>curo</em></span> 
     </span>
     <span class='ocr_line' id='line_1_17' title="bbox 568 1549 1481 1672; baseline -0.004 -28"><span class='ocrx_word' id='word_1_91' title='bbox 568 1665 571 1672; x_wconf 85' lang='lat'>.</span> <span class='ocrx_word' id='word_1_92' title='bbox 667 1557 849 1646; x_wconf 77' lang='lat' dir='ltr'><em>consensu</em></span> <span class='ocrx_word' id='word_1_93' title='bbox 880 1550 1050 1646; x_wconf 85' lang='lat' dir='ltr'>Domini</span> <span class='ocrx_word' id='word_1_94' title='bbox 1079 1549 1158 1664; x_wconf 88' lang='lat' dir='ltr'><em>lui,</em></span> <span class='ocrx_word' id='word_1_95' title='bbox 1197 1561 1321 1644; x_wconf 87' lang='lat' dir='ltr'><em>Anno</em></span> <span class='ocrx_word' id='word_1_96' title='bbox 1356 1585 1481 1668; x_wconf 82' lang='lat'>¹095·</span> 
     </span>
    </p>
   </div>
   <div class='ocr_carea' id='block_1_6' title="bbox 303 1781 1892 1878">
    <p class='ocr_par' dir='ltr' id='par_1_6' title="bbox 303 1781 1892 1878">
     <span class='ocr_line' id='line_1_18' title="bbox 303 1781 1892 1878; baseline 0 -22"><span class='ocrx_word' id='word_1_97' title='bbox 303 1787 340 1856; x_wconf 94' lang='lat' dir='ltr'><em>N</em></span> <span class='ocrx_word' id='word_1_98' title='bbox 364 1787 487 1860; x_wconf 86' lang='lat' dir='ltr'><em>nomine</em></span> <span class='ocrx_word' id='word_1_99' title='bbox 520 1788 639 1862; x_wconf 77' lang='lat' dir='ltr'><em>Sanble</em></span> <span class='ocrx_word' id='word_1_100' title='bbox 666 1791 710 1864; x_wconf 73' lang='lat' dir='ltr'><em>tl·</em></span> <span class='ocrx_word' id='word_1_101' title='bbox 736 1791 908 1866; x_wconf 81' lang='lat' dir='ltr'><em>individue</em></span> <span class='ocrx_word' id='word_1_102' title='bbox 942 1793 1017 1866; x_wconf 87' lang='lat' dir='ltr'><em>Tri·</em></span> <span class='ocrx_word' id='word_1_103' title='bbox 1060 1787 1089 1859; x_wconf 90' lang='lat' dir='ltr'>B</span> <span class='ocrx_word' id='word_1_104' title='bbox 1125 1789 1164 1860; x_wconf 82' lang='lat' dir='ltr'><em>de</em></span> <span class='ocrx_word' id='word_1_105' title='bbox 1190 1791 1235 1862; x_wconf 56' lang='grc' dir='ltr'><em>(θ’</em></span> <span class='ocrx_word' id='word_1_106' title='bbox 1261 1788 1430 1862; x_wconf 82' lang='lat' dir='ltr'><em>remedium</em></span> <span class='ocrx_word' id='word_1_107' title='bbox 1455 1787 1562 1862; x_wconf 91' lang='lat' dir='ltr'><em>anime</em></span> <span class='ocrx_word' id='word_1_108' title='bbox 1586 1813 1671 1878; x_wconf 92' lang='lat' dir='ltr'><em>mee,</em></span> <span class='ocrx_word' id='word_1_109' title='bbox 1701 1787 1786 1858; x_wconf 78' lang='lat' dir='ltr'><em>unde</em></span> <span class='ocrx_word' id='word_1_110' title='bbox 1811 1781 1892 1856; x_wconf 88' lang='lat' dir='ltr'><em>mibi</em></span> 
     </span>
    </p>
   </div>
   <div class='ocr_carea' id='block_1_7' title="bbox 246 1889 1016 2392">
    <p class='ocr_par' dir='ltr' id='par_1_7' title="bbox 246 1889 1016 2392">
     <span class='ocr_line' id='line_1_19' title="bbox 329 1889 1016 1967; baseline 0.015 -10"><span class='ocrx_word' id='word_1_111' title='bbox 329 1889 464 1964; x_wconf 86' lang='lat' dir='ltr'><em>nitaris.</em></span> <span class='ocrx_word' id='word_1_112' title='bbox 500 1899 604 1963; x_wconf 77' lang='lat' dir='ltr'><em>Anno</em></span> <span class='ocrx_word' id='word_1_113' title='bbox 629 1896 671 1964; x_wconf 89' lang='lat' dir='ltr'><em>ab</em></span> <span class='ocrx_word' id='word_1_114' title='bbox 705 1895 924 1967; x_wconf 76' lang='lat' dir='ltr'><em>incarnacione</em></span> <span class='ocrx_word' id='word_1_115' title='bbox 950 1901 1016 1966; x_wconf 89' lang='lat' dir='ltr'><em>Do·</em></span> 
     </span>
     <span class='ocr_line' id='line_1_20' title="bbox 253 1988 1016 2084; baseline 0.012 -26"><span class='ocrx_word' id='word_1_116' title='bbox 253 1988 335 2058; x_wconf 86' lang='lat' dir='ltr'><em>rnt&#39;ni</em></span> <span class='ocrx_word' id='word_1_117' title='bbox 370 1990 466 2072; x_wconf 83' lang='lat' dir='ltr'><em>nollri</em></span> <span class='ocrx_word' id='word_1_118' title='bbox 491 1998 522 2084; x_wconf 85' lang='lat' dir='ltr'><em>J</em></span> <span class='ocrx_word' id='word_1_119' title='bbox 524 1995 575 2084; x_wconf 84' lang='lat' dir='ltr'><em>esu</em></span> <span class='ocrx_word' id='word_1_120' title='bbox 600 1995 722 2078; x_wconf 85' lang='lat' dir='ltr'><em>Cbrilli</em></span> <span class='ocrx_word' id='word_1_121' title='bbox 746 1994 924 2080; x_wconf 78' lang='lat' dir='ltr'><em>Millelr&#39;mo</em></span> <span class='ocrx_word' id='word_1_122' title='bbox 949 2001 1016 2067; x_wconf 86' lang='lat' dir='ltr'><em>No·</em></span> 
     </span>
     <span class='ocr_line' id='line_1_21' title="bbox 254 2089 1016 2186; baseline 0.01 -26"><span class='ocrx_word' id='word_1_123' title='bbox 254 2089 410 2184; x_wconf 76' lang='lat' dir='ltr'><em>nagefima</em></span> <span class='ocrx_word' id='word_1_124' title='bbox 427 2095 573 2186; x_wconf 70' lang='lat' dir='ltr'><em>Quinto,</em></span> <span class='ocrx_word' id='word_1_125' title='bbox 600 2100 658 2170; x_wconf 83' lang='lat' dir='ltr'><em>lx.</em></span> <span class='ocrx_word' id='word_1_126' title='bbox 678 2098 731 2170; x_wconf 84' lang='lat' dir='ltr'><em>die</em></span> <span class='ocrx_word' id='word_1_127' title='bbox 755 2097 897 2168; x_wconf 81' lang='lat' dir='ltr'><em>intrante</em></span> <span class='ocrx_word' id='word_1_128' title='bbox 919 2103 1016 2168; x_wconf 88' lang='lat' dir='ltr'><em>Men·</em></span> 
     </span>
     <span class='ocr_line' id='line_1_22' title="bbox 246 2187 1016 2286; baseline 0.012 -27"><span class='ocrx_word' id='word_1_129' title='bbox 246 2187 284 2282; x_wconf 77' lang='lat' dir='ltr'><em>se</em></span> <span class='ocrx_word' id='word_1_130' title='bbox 318 2194 530 2286; x_wconf 75' lang='lat' dir='ltr'><em>Septembris,</em></span> <span class='ocrx_word' id='word_1_131' title='bbox 569 2195 747 2270; x_wconf 74' lang='lat' dir='ltr'><em>indiilione</em></span> <span class='ocrx_word' id='word_1_132' title='bbox 772 2199 905 2270; x_wconf 82' lang='lat' dir='ltr'><em>Tereia.</em></span> <span class='ocrx_word' id='word_1_133' title='bbox 942 2204 1016 2268; x_wconf 86' lang='lat' dir='ltr'><em>Mo·</em></span> 
     </span>
     <span class='ocr_line' id='line_1_23' title="bbox 253 2291 1016 2392; baseline 0.012 -32"><span class='ocrx_word' id='word_1_134' title='bbox 253 2291 387 2376; x_wconf 80' lang='lat' dir='ltr'><em>naslerio</em></span> <span class='ocrx_word' id='word_1_135' title='bbox 409 2291 527 2384; x_wconf 71' lang='lat' dir='ltr'><em>Sanili</em></span> <span class='ocrx_word' id='word_1_136' title='bbox 551 2296 696 2390; x_wconf 73' lang='lat' dir='ltr'><em>Prosperi</em></span> <span class='ocrx_word' id='word_1_137' title='bbox 720 2299 839 2386; x_wconf 85' lang='lat' dir='ltr'><em>Cbrifli</em></span> <span class='ocrx_word' id='word_1_138' title='bbox 863 2296 1016 2392; x_wconf 74' lang='lat' dir='ltr'><em>Confeffo·</em></span> 
     </span>
    </p>
   </div>
   <div class='ocr_carea' id='block_1_8' title="bbox 251 2389 1068 2494">
    <p class='ocr_par' dir='ltr' id='par_1_8' title="bbox 251 2389 1068 2494">
     <span class='ocr_line' id='line_1_24' title="bbox 251 2389 1068 2494; baseline 0.016 -34"><span class='ocrx_word' id='word_1_139' title='bbox 251 2389 326 2480; x_wconf 89' lang='lat' dir='ltr'><em>ris,</em></span> <span class='ocrx_word' id='word_1_140' title='bbox 355 2391 420 2476; x_wconf 86' lang='lat' dir='ltr'><em>siro</em></span> <span class='ocrx_word' id='word_1_141' title='bbox 455 2397 490 2466; x_wconf 91' lang='lat' dir='ltr'><em>in</em></span> <span class='ocrx_word' id='word_1_142' title='bbox 520 2395 671 2487; x_wconf 81' lang='lat' dir='ltr'><em>suburbia</em></span> <span class='ocrx_word' id='word_1_143' title='bbox 705 2400 864 2472; x_wconf 84' lang='lat' dir='ltr'><em>Ciuitatis</em></span> <span class='ocrx_word' id='word_1_144' title='bbox 888 2401 1026 2494; x_wconf 71' lang='lat' dir='ltr'><em>Regio,</em></span> <span class='ocrx_word' id='word_1_145' title='bbox 1066 2485 1068 2490; x_wconf 23' lang='grc' dir='ltr'>Ι</span> 
     </span>
    </p>
   </div>
   <div class='ocr_carea' id='block_1_9' title="bbox 250 2490 1015 2576">
    <p class='ocr_par' dir='ltr' id='par_1_9' title="bbox 250 2490 1015 2576">
     <span class='ocr_line' id='line_1_25' title="bbox 250 2490 1015 2576; baseline 0.016 -12"><span class='ocrx_word' id='word_1_146' title='bbox 250 2490 333 2566; x_wconf 90' lang='lat' dir='ltr'><em>bubi</em></span> <span class='ocrx_word' id='word_1_147' title='bbox 371 2522 453 2566; x_wconf 87' lang='lat' dir='ltr'><em>nune</em></span> <span class='ocrx_word' id='word_1_148' title='bbox 488 2497 650 2572; x_wconf 88' lang='lat' dir='ltr'><em>Domnus</em></span> <span class='ocrx_word' id='word_1_149' title='bbox 687 2499 857 2576; x_wconf 77' lang='lat' dir='ltr'><em>Pacificas</em></span> <span class='ocrx_word' id='word_1_150' title='bbox 893 2502 1015 2576; x_wconf 85' lang='lat' dir='ltr'><em>Abbas</em></span> 
     </span>
    </p>
   </div>
   <div class='ocr_carea' id='block_1_10' title="bbox 1123 1887 1893 2594">
    <p class='ocr_par' dir='ltr' id='par_1_10' title="bbox 1125 1887 1736 1962">
     <span class='ocr_line' id='line_1_26' title="bbox 1125 1887 1736 1962; baseline -0.003 0"><span class='ocrx_word' id='word_1_151' title='bbox 1125 1891 1284 1962; x_wconf 82' lang='lat' dir='ltr'><em>Dominus</em></span> <span class='ocrx_word' id='word_1_152' title='bbox 1310 1892 1385 1962; x_wconf 77' lang='lat' dir='ltr'><em>inde</em></span> <span class='ocrx_word' id='word_1_153' title='bbox 1410 1893 1492 1962; x_wconf 90' lang='lat' dir='ltr'><em>bana</em></span> <span class='ocrx_word' id='word_1_154' title='bbox 1517 1889 1640 1960; x_wconf 82' lang='lat' dir='ltr'><em>tribuat</em></span> <span class='ocrx_word' id='word_1_155' title='bbox 1667 1887 1736 1960; x_wconf 69' lang='lat' dir='ltr'><em>&amp;n</em></span> 
     </span>
    </p>

    <p class='ocr_par' dir='ltr' id='par_1_11' title="bbox 1174 1986 1893 2086">
     <span class='ocr_line' id='line_1_27' title="bbox 1174 1986 1893 2086; baseline -0.008 -22"><span class='ocrx_word' id='word_1_156' title='bbox 1174 1989 1301 2064; x_wconf 64' lang='grc' dir='ltr'><em>ΛΞΜ</em></span> <span class='ocrx_word' id='word_1_157' title='bbox 1313 1989 1521 2086; x_wconf 79' lang='lat' dir='ltr'><em>suprascripta</em></span> <span class='ocrx_word' id='word_1_158' title='bbox 1537 1987 1731 2076; x_wconf 82' lang='lat' dir='ltr'><em>Monaslerio</em></span> <span class='ocrx_word' id='word_1_159' title='bbox 1741 1986 1893 2080; x_wconf 72' lang='lat' dir='ltr'><em>feliciter.</em></span> 
     </span>
    </p>

    <p class='ocr_par' dir='ltr' id='par_1_12' title="bbox 1123 2093 1887 2492">
     <span class='ocr_line' id='line_1_28' title="bbox 1175 2093 1765 2185; baseline -0.003 -19"><span class='ocrx_word' id='word_1_160' title='bbox 1175 2095 1219 2185; x_wconf 67' lang='lat' dir='ltr'><em>m</em></span> <span class='ocrx_word' id='word_1_161' title='bbox 1249 2097 1469 2166; x_wconf 76' lang='lat' dir='ltr'><em>uremur</em></span> <span class='ocrx_word' id='word_1_162' title='bbox 1492 2095 1652 2162; x_wconf 76' lang='lat' dir='ltr'><em>comus</em></span> <span class='ocrx_word' id='word_1_163' title='bbox 1675 2093 1765 2164; x_wconf 86' lang='lat' dir='ltr'><em>ssr.</em></span> 
     </span>
     <span class='ocr_line' id='line_1_29' title="bbox 1123 2189 1887 2291; baseline -0.003 -27"><span class='ocrx_word' id='word_1_164' title='bbox 1123 2195 1260 2288; x_wconf 81' lang='lat' dir='ltr'><em>Signum</em></span> <span class='ocrx_word' id='word_1_165' title='bbox 1280 2219 1394 2264; x_wconf 89' lang='lat' dir='ltr'><em>marrus</em></span> <span class='ocrx_word' id='word_1_166' title='bbox 1411 2191 1622 2291; x_wconf 72' lang='lat' dir='ltr'><em>suprascripti</em></span> <span class='ocrx_word' id='word_1_167' title='bbox 1645 2191 1803 2281; x_wconf 76' lang='lat' dir='ltr'><em>Alberti,</em></span> <span class='ocrx_word' id='word_1_168' title='bbox 1829 2189 1887 2288; x_wconf 83' lang='lat' dir='ltr'><em>qui</em></span> 
     </span>
     <span class='ocr_line' id='line_1_30' title="bbox 1124 2291 1881 2384; baseline 0.001 -20"><span class='ocrx_word' id='word_1_169' title='bbox 1124 2297 1205 2366; x_wconf 84' lang='lat' dir='ltr'><em>bane</em></span> <span class='ocrx_word' id='word_1_170' title='bbox 1240 2296 1409 2367; x_wconf 83' lang='lat' dir='ltr'><em>Carsulam</em></span> <span class='ocrx_word' id='word_1_171' title='bbox 1446 2291 1650 2384; x_wconf 74' lang='lat' dir='ltr'><em>auserlionens</em></span> <span class='ocrx_word' id='word_1_172' title='bbox 1674 2293 1721 2365; x_wconf 81' lang='lat' dir='ltr'><em>ad</em></span> <span class='ocrx_word' id='word_1_173' title='bbox 1744 2291 1881 2384; x_wconf 85' lang='lat' dir='ltr'><em>omnin,</em></span> 
     </span>
     <span class='ocr_line' id='line_1_31' title="bbox 1123 2392 1580 2492; baseline 0 -26"><span class='ocrx_word' id='word_1_174' title='bbox 1123 2414 1160 2466; x_wconf 83' lang='lat' dir='ltr'><em>ur</em></span> <span class='ocrx_word' id='word_1_175' title='bbox 1179 2393 1302 2492; x_wconf 86' lang='lat' dir='ltr'><em>supra,</em></span> <span class='ocrx_word' id='word_1_176' title='bbox 1319 2392 1401 2487; x_wconf 91' lang='lat' dir='ltr'><em>fieri</em></span> <span class='ocrx_word' id='word_1_177' title='bbox 1426 2393 1580 2492; x_wconf 84' lang='lat' dir='ltr'><em>rogavit.</em></span> 
     </span>
    </p>

    <p class='ocr_par' dir='ltr' id='par_1_13' title="bbox 1173 2491 1893 2594">
     <span class='ocr_line' id='line_1_32' title="bbox 1173 2491 1893 2594; baseline -0.001 -27"><span class='ocrx_word' id='word_1_178' title='bbox 1173 2497 1311 2594; x_wconf 84' lang='lat' dir='ltr'><em>Signum</em></span> <span class='ocrx_word' id='word_1_179' title='bbox 1346 2494 1494 2568; x_wconf 87' lang='lat' dir='ltr'><em>manibus</em></span> <span class='ocrx_word' id='word_1_180' title='bbox 1529 2495 1694 2568; x_wconf 85' lang='lat' dir='ltr'><em>Lamberri</em></span> <span class='ocrx_word' id='word_1_181' title='bbox 1717 2491 1867 2570; x_wconf 85' lang='lat' dir='ltr'><em>Ferrarii</em></span> <span class='ocrx_word' id='word_1_182' title='bbox 1875 2515 1893 2586; x_wconf 87' lang='lat'><em>,&#39;</em></span> 
     </span>
    </p>
   </div>
   <div class='ocr_carea' id='block_1_11' title="bbox 248 2590 1889 2796">
    <p class='ocr_par' dir='ltr' id='par_1_14' title="bbox 248 2590 1889 2796">
     <span class='ocr_line' id='line_1_33' title="bbox 248 2590 1889 2698; baseline 0.004 -35"><span class='ocrx_word' id='word_1_183' title='bbox 248 2590 362 2690; x_wconf 77' lang='lat' dir='ltr'><em>preeffe</em></span> <span class='ocrx_word' id='word_1_184' title='bbox 387 2597 543 2669; x_wconf 75' lang='lat' dir='ltr'><em>viderur:</em></span> <span class='ocrx_word' id='word_1_185' title='bbox 577 2619 632 2696; x_wconf 85' lang='lat' dir='ltr'><em>ego</em></span> <span class='ocrx_word' id='word_1_186' title='bbox 657 2602 784 2698; x_wconf 86' lang='lat' dir='ltr'><em>quidem</em></span> <span class='ocrx_word' id='word_1_187' title='bbox 810 2603 843 2672; x_wconf 89' lang='lat' dir='ltr'><em>in</em></span> <span class='ocrx_word' id='word_1_188' title='bbox 870 2603 935 2676; x_wconf 92' lang='lat' dir='ltr'><em>Dei</em></span> <span class='ocrx_word' id='word_1_189' title='bbox 960 2631 1009 2676; x_wconf 85' lang='lat' dir='ltr'><em>rro·</em></span> <span class='ocrx_word' id='word_1_190' title='bbox 1124 2595 1171 2678; x_wconf 71' lang='lat'><em>&amp;¹</em></span> <span class='ocrx_word' id='word_1_191' title='bbox 1206 2595 1343 2672; x_wconf 69' lang='lat' dir='ltr'><em>milam·</em></span> <span class='ocrx_word' id='word_1_192' title='bbox 1377 2597 1614 2693; x_wconf 82' lang='lat' dir='ltr'><em>ingeniatoris,</em></span> <span class='ocrx_word' id='word_1_193' title='bbox 1648 2595 1706 2692; x_wconf 70' lang='lat' dir='ltr'><em>ficu</em></span> <span class='ocrx_word' id='word_1_194' title='bbox 1741 2593 1889 2669; x_wconf 74' lang='lat' dir='ltr'><em>uramini</em></span> 
     </span>
     <span class='ocr_line' id='line_1_34' title="bbox 249 2690 1612 2796; baseline 0.004 -33"><span class='ocrx_word' id='word_1_195' title='bbox 249 2697 335 2766; x_wconf 91' lang='lat' dir='ltr'><em>mine</em></span> <span class='ocrx_word' id='word_1_196' title='bbox 364 2699 532 2774; x_wconf 82' lang='lat' dir='ltr'><em>Albertus</em></span> <span class='ocrx_word' id='word_1_197' title='bbox 567 2705 693 2776; x_wconf 82' lang='lat' dir='ltr'><em>Servus</em></span> <span class='ocrx_word' id='word_1_198' title='bbox 731 2701 857 2776; x_wconf 91' lang='lat' dir='ltr'><em>Uberti</em></span> <span class='ocrx_word' id='word_1_199' title='bbox 887 2705 1006 2778; x_wconf 87' lang='lat' dir='ltr'><em>Comi·</em></span> <span class='ocrx_word' id='word_1_200' title='bbox 1051 2690 1084 2760; x_wconf 77' lang='lat' dir='ltr'>C</span> <span class='ocrx_word' id='word_1_201' title='bbox 1122 2699 1162 2769; x_wconf 80' lang='lat' dir='ltr'><em>de</em></span> <span class='ocrx_word' id='word_1_202' title='bbox 1189 2699 1349 2774; x_wconf 85' lang='lat' dir='ltr'><em>Monacba</em></span> <span class='ocrx_word' id='word_1_203' title='bbox 1375 2699 1479 2796; x_wconf 86' lang='lat' dir='ltr'><em>rogati</em></span> <span class='ocrx_word' id='word_1_204' title='bbox 1504 2695 1612 2784; x_wconf 78' lang='lat' dir='ltr'><em>selles.</em></span> 
     </span>
    </p>
   </div>
   <div class='ocr_carea' id='block_1_12' title="bbox 245 2795 1014 3601">
    <p class='ocr_par' dir='ltr' id='par_1_15' title="bbox 245 2795 1014 3601">
     <span class='ocr_line' id='line_1_35' title="bbox 250 2795 1012 2899; baseline 0.016 -30"><span class='ocrx_word' id='word_1_205' title='bbox 250 2795 320 2898; x_wconf 80' lang='lat' dir='ltr'><em>tis,</em></span> <span class='ocrx_word' id='word_1_206' title='bbox 348 2801 382 2872; x_wconf 75' lang='lat'><em>8&lt;</em></span> <span class='ocrx_word' id='word_1_207' title='bbox 411 2797 506 2874; x_wconf 83' lang='lat' dir='ltr'><em>iilius</em></span> <span class='ocrx_word' id='word_1_208' title='bbox 533 2805 711 2899; x_wconf 86' lang='lat' dir='ltr'><em>quondam</em></span> <span class='ocrx_word' id='word_1_209' title='bbox 735 2801 872 2878; x_wconf 87' lang='lat' dir='ltr'><em>Alchisr</em></span> <span class='ocrx_word' id='word_1_210' title='bbox 898 2805 941 2880; x_wconf 92' lang='lat' dir='ltr'><em>de</em></span> <span class='ocrx_word' id='word_1_211' title='bbox 959 2807 1012 2880; x_wconf 90' lang='lat' dir='ltr'><em>lo·</em></span> 
     </span>
     <span class='ocr_line' id='line_1_36' title="bbox 253 2902 1010 3000; baseline 0.007 -33"><span class='ocrx_word' id='word_1_212' title='bbox 253 2921 296 2967; x_wconf 87' lang='lat' dir='ltr'><em>co</em></span> <span class='ocrx_word' id='word_1_213' title='bbox 323 2903 449 2992; x_wconf 74' lang='lat' dir='ltr'><em>Cella,</em></span> <span class='ocrx_word' id='word_1_214' title='bbox 484 2903 540 2996; x_wconf 89' lang='lat' dir='ltr'><em>qui</em></span> <span class='ocrx_word' id='word_1_215' title='bbox 574 2902 723 2996; x_wconf 77' lang='lat' dir='ltr'><em>proseffus</em></span> <span class='ocrx_word' id='word_1_216' title='bbox 752 2905 823 2992; x_wconf 83' lang='lat' dir='ltr'><em>[um</em></span> <span class='ocrx_word' id='word_1_217' title='bbox 850 2913 934 3000; x_wconf 82' lang='lat' dir='ltr'><em>Lege</em></span> <span class='ocrx_word' id='word_1_218' title='bbox 958 2909 1010 2978; x_wconf 84' lang='lat' dir='ltr'><em>vi.</em></span> 
     </span>
     <span class='ocr_line' id='line_1_37' title="bbox 251 3001 1010 3099; baseline 0.013 -33"><span class='ocrx_word' id='word_1_219' title='bbox 251 3021 326 3066; x_wconf 87' lang='lat' dir='ltr'><em>uere</em></span> <span class='ocrx_word' id='word_1_220' title='bbox 345 3003 653 3094; x_wconf 83' lang='lat' dir='ltr'><em>Langobardorum:</em></span> <span class='ocrx_word' id='word_1_221' title='bbox 673 3001 749 3092; x_wconf 88' lang='lat' dir='ltr'><em>ipso</em></span> <span class='ocrx_word' id='word_1_222' title='bbox 769 3027 919 3099; x_wconf 84' lang='lat' dir='ltr'><em>namque</em></span> <span class='ocrx_word' id='word_1_223' title='bbox 939 3009 1010 3076; x_wconf 90' lang='lat' dir='ltr'><em>Do·</em></span> 
     </span>
     <span class='ocr_line' id='line_1_38' title="bbox 251 3096 1014 3193; baseline 0.01 -25"><span class='ocrx_word' id='word_1_224' title='bbox 251 3096 355 3170; x_wconf 90' lang='lat' dir='ltr'><em>mino</em></span> <span class='ocrx_word' id='word_1_225' title='bbox 382 3124 461 3170; x_wconf 90' lang='lat' dir='ltr'><em>meo</em></span> <span class='ocrx_word' id='word_1_226' title='bbox 490 3099 580 3174; x_wconf 89' lang='lat' dir='ltr'><em>milri</em></span> <span class='ocrx_word' id='word_1_227' title='bbox 607 3099 873 3193; x_wconf 82' lang='lat' dir='ltr'><em>consenciente,</em></span> <span class='ocrx_word' id='word_1_228' title='bbox 899 3105 943 3174; x_wconf 76' lang='lat'><em>(9¹</em></span> <span class='ocrx_word' id='word_1_229' title='bbox 964 3103 1014 3176; x_wconf 87' lang='lat' dir='ltr'><em>ble</em></span> 
     </span>
     <span class='ocr_line' id='line_1_39' title="bbox 245 3195 1013 3292; baseline 0.016 -24"><span class='ocrx_word' id='word_1_230' title='bbox 245 3195 362 3290; x_wconf 75' lang='lat' dir='ltr'><em>subtus</em></span> <span class='ocrx_word' id='word_1_231' title='bbox 386 3199 610 3292; x_wconf 79' lang='lat' dir='ltr'><em>confirmante,</em></span> <span class='ocrx_word' id='word_1_232' title='bbox 642 3200 777 3276; x_wconf 87' lang='lat' dir='ltr'><em>olertor</em></span> <span class='ocrx_word' id='word_1_233' title='bbox 801 3205 836 3276; x_wconf 77' lang='grc' dir='ltr'><em>δι</em></span> <span class='ocrx_word' id='word_1_234' title='bbox 863 3202 1013 3280; x_wconf 84' lang='lat' dir='ltr'><em>donator</em></span> 
     </span>
     <span class='ocr_line' id='line_1_40' title="bbox 252 3295 1011 3401; baseline 0.005 -29"><span class='ocrx_word' id='word_1_235' title='bbox 252 3295 358 3396; x_wconf 78' lang='lat' dir='ltr'><em>ipsius</em></span> <span class='ocrx_word' id='word_1_236' title='bbox 380 3301 585 3376; x_wconf 85' lang='lat' dir='ltr'><em>Monallerii</em></span> <span class='ocrx_word' id='word_1_237' title='bbox 610 3303 735 3401; x_wconf 80' lang='lat' dir='ltr'><em>presens</em></span> <span class='ocrx_word' id='word_1_238' title='bbox 750 3306 944 3401; x_wconf 75' lang='lat' dir='ltr'><em>presentibus</em></span> <span class='ocrx_word' id='word_1_239' title='bbox 960 3306 1011 3376; x_wconf 83' lang='lat' dir='ltr'><em>ali·</em></span> 
     </span>
     <span class='ocr_line' id='line_1_41' title="bbox 253 3399 1014 3504; baseline 0.008 -32"><span class='ocrx_word' id='word_1_240' title='bbox 253 3399 288 3472; x_wconf 83' lang='lat' dir='ltr'><em>xi</em></span> <span class='ocrx_word' id='word_1_241' title='bbox 301 3426 317 3469; x_wconf 93' lang='grc'><em>.·</em></span> <span class='ocrx_word' id='word_1_242' title='bbox 351 3403 505 3500; x_wconf 74' lang='lat' dir='ltr'><em>Quisquis</em></span> <span class='ocrx_word' id='word_1_243' title='bbox 540 3405 575 3476; x_wconf 92' lang='lat' dir='ltr'><em>in</em></span> <span class='ocrx_word' id='word_1_244' title='bbox 610 3403 745 3476; x_wconf 76' lang='lat' dir='ltr'><em>Sanllis</em></span> <span class='ocrx_word' id='word_1_245' title='bbox 779 3405 848 3476; x_wconf 67' lang='lat' dir='ltr'><em>&amp;e</em></span> <span class='ocrx_word' id='word_1_246' title='bbox 885 3409 1014 3504; x_wconf 79' lang='lat' dir='ltr'><em>ideoque</em></span> 
     </span>
     <span class='ocr_line' id='line_1_42' title="bbox 252 3505 1011 3601; baseline 0.017 -31"><span class='ocrx_word' id='word_1_247' title='bbox 252 3527 334 3598; x_wconf 89' lang='lat' dir='ltr'><em>ego,</em></span> <span class='ocrx_word' id='word_1_248' title='bbox 370 3505 427 3600; x_wconf 91' lang='lat' dir='ltr'><em>qui</em></span> <span class='ocrx_word' id='word_1_249' title='bbox 454 3507 554 3601; x_wconf 90' lang='lat' dir='ltr'><em>supra</em></span> <span class='ocrx_word' id='word_1_250' title='bbox 579 3509 738 3580; x_wconf 72' lang='lat' dir='ltr'><em>Athenas</em></span> <span class='ocrx_word' id='word_1_251' title='bbox 772 3505 867 3580; x_wconf 90' lang='lat' dir='ltr'><em>dono</em></span> <span class='ocrx_word' id='word_1_252' title='bbox 892 3508 927 3579; x_wconf 77' lang='grc' dir='ltr'>ἃ</span> <span class='ocrx_word' id='word_1_253' title='bbox 954 3535 1011 3582; x_wconf 86' lang='lat' dir='ltr'><em>au·</em></span> 
     </span>
    </p>
   </div>
   <div class='ocr_carea' id='block_1_13' title="bbox 1123 2797 1890 2998">
    <p class='ocr_par' dir='ltr' id='par_1_16' title="bbox 1123 2797 1890 2998">
     <span class='ocr_line' id='line_1_43' title="bbox 1175 2797 1888 2896; baseline -0.003 -26"><span class='ocrx_word' id='word_1_254' title='bbox 1175 2803 1246 2896; x_wconf 83' lang='lat' dir='ltr'><em>Ego</em></span> <span class='ocrx_word' id='word_1_255' title='bbox 1271 2799 1328 2896; x_wconf 88' lang='lat' dir='ltr'><em>qui</em></span> <span class='ocrx_word' id='word_1_256' title='bbox 1355 2799 1457 2896; x_wconf 85' lang='lat' dir='ltr'><em>supra</em></span> <span class='ocrx_word' id='word_1_257' title='bbox 1482 2805 1598 2870; x_wconf 84' lang='lat' dir='ltr'><em>Perrus</em></span> <span class='ocrx_word' id='word_1_258' title='bbox 1623 2798 1781 2872; x_wconf 83' lang='lat' dir='ltr'><em>Notarius</em></span> <span class='ocrx_word' id='word_1_259' title='bbox 1800 2797 1888 2890; x_wconf 78' lang='lat' dir='ltr'><em>fiaeri</em></span> 
     </span>
     <span class='ocr_line' id='line_1_44' title="bbox 1123 2897 1890 2998; baseline 0 -26"><span class='ocrx_word' id='word_1_260' title='bbox 1123 2899 1250 2972; x_wconf 87' lang='lat' dir='ltr'><em>Palatii</em></span> <span class='ocrx_word' id='word_1_261' title='bbox 1274 2901 1415 2998; x_wconf 81' lang='lat' dir='ltr'><em>Seripror</em></span> <span class='ocrx_word' id='word_1_262' title='bbox 1438 2897 1534 2992; x_wconf 75' lang='lat' dir='ltr'><em>buius</em></span> <span class='ocrx_word' id='word_1_263' title='bbox 1556 2903 1688 2973; x_wconf 85' lang='lat' dir='ltr'><em>Cartule</em></span> <span class='ocrx_word' id='word_1_264' title='bbox 1704 2897 1890 2993; x_wconf 69' lang='lat' dir='ltr'><em>auserfimis</em></span> 
     </span>
    </p>
   </div>
   <div class='ocr_carea' id='block_1_14' title="bbox 1119 2999 1746 3098">
    <p class='ocr_par' dir='ltr' id='par_1_17' title="bbox 1119 2999 1746 3098">
     <span class='ocr_line' id='line_1_45' title="bbox 1119 2999 1746 3098; baseline 0.011 -29"><span class='ocrx_word' id='word_1_265' title='bbox 1119 3001 1188 3092; x_wconf 80' lang='lat' dir='ltr'><em>pasl</em></span> <span class='ocrx_word' id='word_1_266' title='bbox 1212 3001 1368 3073; x_wconf 79' lang='lat' dir='ltr'><em>eradiram</em></span> <span class='ocrx_word' id='word_1_267' title='bbox 1394 3001 1547 3098; x_wconf 78' lang='lat' dir='ltr'><em>complevi</em></span> <span class='ocrx_word' id='word_1_268' title='bbox 1572 2999 1620 3080; x_wconf 76' lang='lat'><em>&amp;¹</em></span> <span class='ocrx_word' id='word_1_269' title='bbox 1645 3002 1746 3076; x_wconf 81' lang='lat' dir='ltr'><em>dedi.</em></span> 
     </span>
    </p>
   </div>
   <div class='ocr_carea' id='block_1_15' title="bbox 1124 3101 1890 3604">
    <p class='ocr_par' dir='ltr' id='par_1_18' title="bbox 1124 3101 1890 3604">
     <span class='ocr_line' id='line_1_46' title="bbox 1144 3101 1888 3200; baseline 0.008 -28"><span class='ocrx_word' id='word_1_270' title='bbox 1144 3167 1146 3172; x_wconf 89' lang='lat'><em>.</em></span> <span class='ocrx_word' id='word_1_271' title='bbox 1175 3101 1297 3191; x_wconf 89' lang='lat' dir='ltr'><em>Quum</em></span> <span class='ocrx_word' id='word_1_272' title='bbox 1311 3126 1394 3198; x_wconf 82' lang='lat' dir='ltr'><em>ergo</em></span> <span class='ocrx_word' id='word_1_273' title='bbox 1413 3101 1598 3199; x_wconf 83' lang='lat' dir='ltr'><em>quisquam</em></span> <span class='ocrx_word' id='word_1_274' title='bbox 1619 3103 1799 3200; x_wconf 87' lang='lat' dir='ltr'><em>Maneipiis</em></span> <span class='ocrx_word' id='word_1_275' title='bbox 1817 3101 1888 3178; x_wconf 90' lang='lat' dir='ltr'><em>suis</em></span> 
     </span>
     <span class='ocr_line' id='line_1_47' title="bbox 1126 3195 1889 3298; baseline 0.01 -26"><span class='ocrx_word' id='word_1_276' title='bbox 1126 3195 1227 3298; x_wconf 90' lang='lat' dir='ltr'><em>(quo</em></span> <span class='ocrx_word' id='word_1_277' title='bbox 1266 3201 1412 3274; x_wconf 90' lang='lat' dir='ltr'><em>nomine</em></span> <span class='ocrx_word' id='word_1_278' title='bbox 1449 3201 1549 3274; x_wconf 87' lang='lat' dir='ltr'><em>Servi</em></span> <span class='ocrx_word' id='word_1_279' title='bbox 1590 3201 1744 3297; x_wconf 88' lang='lat' dir='ltr'><em>quilibet</em></span> <span class='ocrx_word' id='word_1_280' title='bbox 1779 3204 1889 3280; x_wconf 86' lang='lat' dir='ltr'><em>dona·</em></span> 
     </span>
     <span class='ocr_line' id='line_1_48' title="bbox 1126 3294 1889 3399; baseline 0.008 -27"><span class='ocrx_word' id='word_1_281' title='bbox 1126 3294 1280 3398; x_wconf 83' lang='lat' dir='ltr'><em>bantur)</em></span> <span class='ocrx_word' id='word_1_282' title='bbox 1307 3303 1434 3376; x_wconf 87' lang='lat' dir='ltr'><em>Cottes</em></span> <span class='ocrx_word' id='word_1_283' title='bbox 1460 3302 1494 3374; x_wconf 79' lang='grc' dir='ltr'><em>δι</em></span> <span class='ocrx_word' id='word_1_284' title='bbox 1523 3299 1663 3399; x_wconf 87' lang='lat' dir='ltr'><em>praedia</em></span> <span class='ocrx_word' id='word_1_285' title='bbox 1698 3301 1757 3376; x_wconf 89' lang='lat' dir='ltr'><em>lua</em></span> <span class='ocrx_word' id='word_1_286' title='bbox 1782 3329 1889 3378; x_wconf 85' lang='lat' dir='ltr'><em>exeo·</em></span> 
     </span>
     <span class='ocr_line' id='line_1_49' title="bbox 1124 3398 1888 3500; baseline 0.004 -26"><span class='ocrx_word' id='word_1_287' title='bbox 1124 3398 1227 3474; x_wconf 89' lang='lat' dir='ltr'><em>lenda</em></span> <span class='ocrx_word' id='word_1_288' title='bbox 1262 3400 1451 3493; x_wconf 79' lang='lat' dir='ltr'><em>tradebat,</em></span> <span class='ocrx_word' id='word_1_289' title='bbox 1487 3400 1621 3476; x_wconf 84' lang='lat' dir='ltr'><em>reditus</em></span> <span class='ocrx_word' id='word_1_290' title='bbox 1656 3427 1778 3476; x_wconf 85' lang='lat' dir='ltr'><em>omnes</em></span> <span class='ocrx_word' id='word_1_291' title='bbox 1813 3401 1888 3500; x_wconf 86' lang='lat' dir='ltr'><em>ipse</em></span> 
     </span>
     <span class='ocr_line' id='line_1_50' title="bbox 1125 3499 1890 3604; baseline 0.005 -30"><span class='ocrx_word' id='word_1_292' title='bbox 1125 3499 1344 3600; x_wconf 79' lang='lat' dir='ltr'><em>colligebat,</em></span> <span class='ocrx_word' id='word_1_293' title='bbox 1379 3521 1517 3604; x_wconf 86' lang='lat' dir='ltr'><em>praeter</em></span> <span class='ocrx_word' id='word_1_294' title='bbox 1551 3501 1688 3580; x_wconf 75' lang='lat' dir='ltr'><em>vibium</em></span> <span class='ocrx_word' id='word_1_295' title='bbox 1724 3506 1758 3576; x_wconf 78' lang='grc' dir='ltr'><em>δι</em></span> <span class='ocrx_word' id='word_1_296' title='bbox 1785 3501 1890 3580; x_wconf 83' lang='lat' dir='ltr'><em>uelli·</em></span> 
     </span>
    </p>
   </div>
   <div class='ocr_carea' id='block_1_16' title="bbox 251 3599 1889 3709">
    <p class='ocr_par' dir='ltr' id='par_1_19' title="bbox 251 3599 1889 3709">
     <span class='ocr_line' id='line_1_51' title="bbox 251 3599 1889 3709; baseline 0.004 -35"><span class='ocrx_word' id='word_1_297' title='bbox 251 3599 327 3675; x_wconf 89' lang='lat' dir='ltr'><em>fero</em></span> <span class='ocrx_word' id='word_1_298' title='bbox 365 3605 403 3678; x_wconf 90' lang='lat' dir='ltr'><em>in</em></span> <span class='ocrx_word' id='word_1_299' title='bbox 444 3607 567 3680; x_wconf 90' lang='lat' dir='ltr'><em>eodem</em></span> <span class='ocrx_word' id='word_1_300' title='bbox 610 3603 825 3682; x_wconf 83' lang='lat' dir='ltr'><em>Monollerio</em></span> <span class='ocrx_word' id='word_1_301' title='bbox 861 3607 903 3680; x_wconf 91' lang='lat' dir='ltr'><em>ad</em></span> <span class='ocrx_word' id='word_1_302' title='bbox 939 3611 1013 3709; x_wconf 86' lang='lat' dir='ltr'><em>ejus</em></span> <span class='ocrx_word' id='word_1_303' title='bbox 1054 3604 1090 3674; x_wconf 90' lang='lat' dir='ltr'>D</span> <span class='ocrx_word' id='word_1_304' title='bbox 1124 3619 1202 3680; x_wconf 86' lang='lat' dir='ltr'><em>tun</em></span> <span class='ocrx_word' id='word_1_305' title='bbox 1239 3622 1344 3704; x_wconf 88' lang='lat' dir='ltr'><em>atque</em></span> <span class='ocrx_word' id='word_1_306' title='bbox 1381 3603 1587 3704; x_wconf 88' lang='lat' dir='ltr'><em>peculium,</em></span> <span class='ocrx_word' id='word_1_307' title='bbox 1623 3601 1717 3678; x_wconf 89' lang='lat' dir='ltr'><em>nihil</em></span> <span class='ocrx_word' id='word_1_308' title='bbox 1752 3604 1798 3678; x_wconf 84' lang='lat' dir='ltr'><em>iis</em></span> <span class='ocrx_word' id='word_1_309' title='bbox 1833 3605 1889 3680; x_wconf 88' lang='lat' dir='ltr'><em>di·</em></span> 
     </span>
    </p>
   </div>
   <div class='ocr_carea' id='block_1_17' title="bbox 173 3703 1016 5204">
    <p class='ocr_par' dir='ltr' id='par_1_20' title="bbox 173 3703 1016 5204">
     <span class='ocr_line' id='line_1_52' title="bbox 251 3703 1013 3809; baseline 0.016 -33"><span class='ocrx_word' id='word_1_310' title='bbox 251 3703 327 3803; x_wconf 85' lang='lat' dir='ltr'><em>jure</em></span> <span class='ocrx_word' id='word_1_311' title='bbox 364 3732 403 3779; x_wconf 87' lang='lat' dir='ltr'><em>ac</em></span> <span class='ocrx_word' id='word_1_312' title='bbox 441 3709 715 3806; x_wconf 84' lang='lat' dir='ltr'><em>proprietatem,</em></span> <span class='ocrx_word' id='word_1_313' title='bbox 751 3707 819 3784; x_wconf 87' lang='lat' dir='ltr'><em>boe</em></span> <span class='ocrx_word' id='word_1_314' title='bbox 846 3707 892 3783; x_wconf 88' lang='lat' dir='ltr'><em>ell</em></span> <span class='ocrx_word' id='word_1_315' title='bbox 918 3711 1013 3809; x_wconf 86' lang='lat' dir='ltr'><em>petia</em></span> 
     </span>
     <span class='ocr_line' id='line_1_53' title="bbox 252 3807 1013 3912; baseline 0.014 -36"><span class='ocrx_word' id='word_1_316' title='bbox 252 3829 322 3877; x_wconf 88' lang='lat' dir='ltr'><em>una</em></span> <span class='ocrx_word' id='word_1_317' title='bbox 357 3807 517 3882; x_wconf 79' lang='lat' dir='ltr'><em>deterre</em></span> <span class='ocrx_word' id='word_1_318' title='bbox 552 3809 768 3886; x_wconf 85' lang='lat' dir='ltr'><em>laboratoria</em></span> <span class='ocrx_word' id='word_1_319' title='bbox 804 3809 891 3912; x_wconf 88' lang='lat' dir='ltr'><em>juris</em></span> <span class='ocrx_word' id='word_1_320' title='bbox 919 3811 1013 3904; x_wconf 91' lang='lat' dir='ltr'><em>mei,</em></span> 
     </span>
     <span class='ocr_line' id='line_1_54' title="bbox 251 3907 1012 4006; baseline 0.012 -30"><span class='ocrx_word' id='word_1_321' title='bbox 251 3933 310 4004; x_wconf 90' lang='lat' dir='ltr'><em>que</em></span> <span class='ocrx_word' id='word_1_322' title='bbox 335 3907 378 3994; x_wconf 79' lang='lat' dir='ltr'><em>esi</em></span> <span class='ocrx_word' id='word_1_323' title='bbox 399 3909 501 4006; x_wconf 81' lang='lat' dir='ltr'><em>postea</em></span> <span class='ocrx_word' id='word_1_324' title='bbox 526 3911 561 3982; x_wconf 88' lang='lat' dir='ltr'><em>ia</em></span> <span class='ocrx_word' id='word_1_325' title='bbox 586 3913 670 4000; x_wconf 90' lang='lat' dir='ltr'><em>loco,</em></span> <span class='ocrx_word' id='word_1_326' title='bbox 695 3913 774 3986; x_wconf 87' lang='lat' dir='ltr'><em>hubi</em></span> <span class='ocrx_word' id='word_1_327' title='bbox 796 3911 915 3984; x_wconf 82' lang='lat' dir='ltr'><em>dicitur</em></span> <span class='ocrx_word' id='word_1_328' title='bbox 932 3920 1012 3985; x_wconf 90' lang='lat' dir='ltr'><em>Cur·</em></span> 
     </span>
     <span class='ocr_line' id='line_1_55' title="bbox 250 4009 1011 4112; baseline 0.011 -34"><span class='ocrx_word' id='word_1_329' title='bbox 250 4027 283 4078; x_wconf 89' lang='lat' dir='ltr'><em>re</em></span> <span class='ocrx_word' id='word_1_330' title='bbox 307 4009 534 4104; x_wconf 85' lang='lat' dir='ltr'><em>Ingelrrurha,</em></span> <span class='ocrx_word' id='word_1_331' title='bbox 560 4037 618 4110; x_wconf 87' lang='lat' dir='ltr'><em>que</em></span> <span class='ocrx_word' id='word_1_332' title='bbox 644 4011 686 4099; x_wconf 79' lang='lat' dir='ltr'><em>eli</em></span> <span class='ocrx_word' id='word_1_333' title='bbox 710 4037 766 4112; x_wconf 89' lang='lat' dir='ltr'><em>per</em></span> <span class='ocrx_word' id='word_1_334' title='bbox 791 4013 935 4105; x_wconf 79' lang='lat' dir='ltr'><em>mensura</em></span> <span class='ocrx_word' id='word_1_335' title='bbox 956 4013 1011 4110; x_wconf 74' lang='lat' dir='ltr'><em>ju·</em></span> 
     </span>
     <span class='ocr_line' id='line_1_56' title="bbox 243 4105 1012 4198; baseline 0.014 -19"><span class='ocrx_word' id='word_1_336' title='bbox 243 4105 299 4198; x_wconf 74' lang='lat' dir='ltr'><em>lla</em></span> <span class='ocrx_word' id='word_1_337' title='bbox 325 4113 409 4180; x_wconf 84' lang='lat' dir='ltr'><em>modi</em></span> <span class='ocrx_word' id='word_1_338' title='bbox 419 4164 555 4186; x_wconf 91' lang='grc'><strong>.......</strong></span> <span class='ocrx_word' id='word_1_339' title='bbox 584 4113 700 4186; x_wconf 87' lang='lat' dir='ltr'><em>eoberer</em></span> <span class='ocrx_word' id='word_1_340' title='bbox 725 4119 755 4186; x_wconf 93' lang='lat' dir='ltr'><em>ei</em></span> <span class='ocrx_word' id='word_1_341' title='bbox 781 4121 814 4188; x_wconf 84' lang='lat' dir='ltr'><em>F</em></span> <span class='ocrx_word' id='word_1_342' title='bbox 815 4116 881 4188; x_wconf 89' lang='lat' dir='ltr'><em>inis</em></span> <span class='ocrx_word' id='word_1_343' title='bbox 906 4119 1012 4190; x_wconf 72' lang='lat' dir='ltr'><em>dmu-</em></span> 
     </span>
     <span class='ocr_line' id='line_1_57' title="bbox 250 4205 1014 4312; baseline 0.008 -30"><span class='ocrx_word' id='word_1_344' title='bbox 250 4235 298 4310; x_wconf 27' lang='lat' dir='ltr'><em>rre·</em></span> <span class='ocrx_word' id='word_1_345' title='bbox 315 4205 363 4288; x_wconf 59' lang='grc' dir='ltr'><em>ὠ·</em></span> <span class='ocrx_word' id='word_1_346' title='bbox 398 4215 436 4284; x_wconf 87' lang='lat' dir='ltr'><em>de</em></span> <span class='ocrx_word' id='word_1_347' title='bbox 465 4215 559 4305; x_wconf 79' lang='lat' dir='ltr'><em>subto</em></span> <span class='ocrx_word' id='word_1_348' title='bbox 587 4211 769 4312; x_wconf 77' lang='lat' dir='ltr'><em>supradilli</em></span> <span class='ocrx_word' id='word_1_349' title='bbox 803 4215 1014 4308; x_wconf 82' lang='lat' dir='ltr'><em>Monallerii,</em></span> 
     </span>
     <span class='ocr_line' id='line_1_58' title="bbox 251 4313 1016 4414; baseline 0.008 -32"><span class='ocrx_word' id='word_1_350' title='bbox 251 4313 274 4382; x_wconf 69' lang='lat' dir='ltr'><em>d</em></span> <span class='ocrx_word' id='word_1_351' title='bbox 301 4313 429 4386; x_wconf 88' lang='lat' dir='ltr'><em>meridie</em></span> <span class='ocrx_word' id='word_1_352' title='bbox 454 4317 498 4386; x_wconf 64' lang='grc'><em>0</em></span> <span class='ocrx_word' id='word_1_353' title='bbox 522 4320 546 4388; x_wconf 70' lang='grc' dir='ltr'><em>ὸ</em></span> <span class='ocrx_word' id='word_1_354' title='bbox 563 4315 638 4408; x_wconf 76' lang='lat' dir='ltr'><em>sera</em></span> <span class='ocrx_word' id='word_1_355' title='bbox 675 4317 763 4410; x_wconf 83' lang='lat' dir='ltr'><em>Via,</em></span> <span class='ocrx_word' id='word_1_356' title='bbox 792 4315 918 4414; x_wconf 86' lang='lat' dir='ltr'><em>sibique</em></span> <span class='ocrx_word' id='word_1_357' title='bbox 952 4318 1016 4392; x_wconf 91' lang='lat' dir='ltr'><em>alie</em></span> 
     </span>
     <span class='ocr_line' id='line_1_59' title="bbox 243 4413 1014 4516; baseline 0.009 -33"><span class='ocrx_word' id='word_1_358' title='bbox 243 4413 325 4506; x_wconf 82' lang='lat' dir='ltr'><em>sunt</em></span> <span class='ocrx_word' id='word_1_359' title='bbox 360 4413 484 4504; x_wconf 80' lang='lat' dir='ltr'><em>adfines</em></span> <span class='ocrx_word' id='word_1_360' title='bbox 520 4419 554 4488; x_wconf 90' lang='lat' dir='ltr'><em>in</em></span> <span class='ocrx_word' id='word_1_361' title='bbox 590 4417 767 4515; x_wconf 86' lang='lat' dir='ltr'><em>integrum.</em></span> <span class='ocrx_word' id='word_1_362' title='bbox 803 4427 876 4516; x_wconf 71' lang='grc' dir='ltr'><em>ραι</em></span> <span class='ocrx_word' id='word_1_363' title='bbox 910 4440 1014 4492; x_wconf 85' lang='lat' dir='ltr'><em>aurem</em></span> 
     </span>
     <span class='ocr_line' id='line_1_60' title="bbox 242 4515 1015 4614; baseline 0.014 -31"><span class='ocrx_word' id='word_1_364' title='bbox 242 4515 460 4612; x_wconf 79' lang='lat' dir='ltr'><em>suprascripta</em></span> <span class='ocrx_word' id='word_1_365' title='bbox 493 4519 582 4614; x_wconf 86' lang='lat' dir='ltr'><em>petia</em></span> <span class='ocrx_word' id='word_1_366' title='bbox 614 4521 654 4590; x_wconf 84' lang='lat' dir='ltr'><em>de</em></span> <span class='ocrx_word' id='word_1_367' title='bbox 680 4541 765 4592; x_wconf 83' lang='lat' dir='ltr'><em>terra</em></span> <span class='ocrx_word' id='word_1_368' title='bbox 790 4520 864 4604; x_wconf 73' lang='lat' dir='ltr'><em>&amp;n</em></span> <span class='ocrx_word' id='word_1_369' title='bbox 890 4521 932 4592; x_wconf 89' lang='lat' dir='ltr'><em>ab</em></span> <span class='ocrx_word' id='word_1_370' title='bbox 957 4521 1015 4594; x_wconf 82' lang='lat' dir='ltr'><em>bae</em></span> 
     </span>
     <span class='ocr_line' id='line_1_61' title="bbox 173 4617 1013 4709; baseline 0.008 -21"><span class='ocrx_word' id='word_1_371' title='bbox 173 4649 176 4656; x_wconf 89' lang='lat'><em>·</em></span> <span class='ocrx_word' id='word_1_372' title='bbox 248 4617 301 4689; x_wconf 82' lang='lat' dir='ltr'><em>die</em></span> <span class='ocrx_word' id='word_1_373' title='bbox 327 4617 360 4688; x_wconf 90' lang='lat' dir='ltr'><em>in</em></span> <span class='ocrx_word' id='word_1_374' title='bbox 388 4621 490 4690; x_wconf 82' lang='lat' dir='ltr'><em>eodem</em></span> <span class='ocrx_word' id='word_1_375' title='bbox 516 4621 706 4709; x_wconf 80' lang='lat' dir='ltr'><em>MoneJlerio</em></span> <span class='ocrx_word' id='word_1_376' title='bbox 724 4623 802 4692; x_wconf 86' lang='lat' dir='ltr'><em>dono</em></span> <span class='ocrx_word' id='word_1_377' title='bbox 821 4623 865 4692; x_wconf 74' lang='grc'><em>(9·</em></span> <span class='ocrx_word' id='word_1_378' title='bbox 883 4623 925 4694; x_wconf 82' lang='lat' dir='ltr'><em>do</em></span> <span class='ocrx_word' id='word_1_379' title='bbox 945 4622 1013 4695; x_wconf 74' lang='lat' dir='ltr'><em>&amp;n</em></span> 
     </span>
     <span class='ocr_line' id='line_1_62' title="bbox 247 4717 1012 4820; baseline 0.013 -36"><span class='ocrx_word' id='word_1_380' title='bbox 247 4726 346 4814; x_wconf 57' lang='lat' dir='ltr'><em>,Quod</em></span> <span class='ocrx_word' id='word_1_381' title='bbox 367 4717 398 4803; x_wconf 85' lang='lat' dir='ltr'><em>li</em></span> <span class='ocrx_word' id='word_1_382' title='bbox 418 4717 603 4810; x_wconf 83' lang='lat' dir='ltr'><em>subtrahere</em></span> <span class='ocrx_word' id='word_1_383' title='bbox 627 4720 849 4820; x_wconf 80' lang='lat' dir='ltr'><em>quesierimus,</em></span> <span class='ocrx_word' id='word_1_384' title='bbox 883 4743 959 4794; x_wconf 87' lang='lat' dir='ltr'><em>tune</em></span> <span class='ocrx_word' id='word_1_385' title='bbox 978 4723 1012 4794; x_wconf 92' lang='lat' dir='ltr'><em>in</em></span> 
     </span>
     <span class='ocr_line' id='line_1_63' title="bbox 248 4821 1009 4922; baseline 0.003 -30"><span class='ocrx_word' id='word_1_386' title='bbox 248 4821 382 4918; x_wconf 84' lang='lat' dir='ltr'><em>duplum</em></span> <span class='ocrx_word' id='word_1_387' title='bbox 408 4821 480 4901; x_wconf 75' lang='lat' dir='ltr'><em>&amp;n</em></span> <span class='ocrx_word' id='word_1_388' title='bbox 507 4823 727 4916; x_wconf 77' lang='lat' dir='ltr'><em>restituamus,</em></span> <span class='ocrx_word' id='word_1_389' title='bbox 746 4823 831 4912; x_wconf 77' lang='lat' dir='ltr'><em>sieut</em></span> <span class='ocrx_word' id='word_1_390' title='bbox 852 4845 910 4922; x_wconf 91' lang='lat' dir='ltr'><em>pro</em></span> <span class='ocrx_word' id='word_1_391' title='bbox 934 4845 1009 4896; x_wconf 87' lang='lat' dir='ltr'><em>tem·</em></span> 
     </span>
     <span class='ocr_line' id='line_1_64' title="bbox 245 4924 1012 5020; baseline 0.003 -24"><span class='ocrx_word' id='word_1_392' title='bbox 245 4944 319 5020; x_wconf 86' lang='lat' dir='ltr'><em>pore</em></span> <span class='ocrx_word' id='word_1_393' title='bbox 339 4925 444 5014; x_wconf 75' lang='lat' dir='ltr'><em>suerit</em></span> <span class='ocrx_word' id='word_1_394' title='bbox 469 4924 679 5013; x_wconf 87' lang='lat' dir='ltr'><em>meliaurata,</em></span> <span class='ocrx_word' id='word_1_395' title='bbox 706 4947 765 4998; x_wconf 85' lang='lat' dir='ltr'><em>aur</em></span> <span class='ocrx_word' id='word_1_396' title='bbox 788 4925 932 4998; x_wconf 80' lang='lat' dir='ltr'><em>valueris</em></span> <span class='ocrx_word' id='word_1_397' title='bbox 948 4927 1012 5018; x_wconf 84' lang='lat' dir='ltr'><em>sub</em></span> 
     </span>
     <span class='ocr_line' id='line_1_65' title="bbox 249 5023 1009 5124; baseline 0.007 -29"><span class='ocrx_word' id='word_1_398' title='bbox 249 5023 442 5115; x_wconf 70' lang='lat' dir='ltr'><em>eslimarione</em></span> <span class='ocrx_word' id='word_1_399' title='bbox 468 5025 503 5097; x_wconf 89' lang='lat' dir='ltr'><em>in</em></span> <span class='ocrx_word' id='word_1_400' title='bbox 529 5023 682 5114; x_wconf 70' lang='lat' dir='ltr'><em>eorfimili</em></span> <span class='ocrx_word' id='word_1_401' title='bbox 709 5027 793 5118; x_wconf 84' lang='lat' dir='ltr'><em>loeo,</em></span> <span class='ocrx_word' id='word_1_402' title='bbox 818 5049 877 5124; x_wconf 87' lang='lat' dir='ltr'><em>pro</em></span> <span class='ocrx_word' id='word_1_403' title='bbox 901 5054 1009 5102; x_wconf 85' lang='lat' dir='ltr'><em>merce·</em></span> 
     </span>
     <span class='ocr_line' id='line_1_66' title="bbox 349 5131 509 5204; baseline 0.006 -2"><span class='ocrx_word' id='word_1_404' title='bbox 349 5135 439 5202; x_wconf 83' lang='lat' dir='ltr'><em>Tora.</em></span> <span class='ocrx_word' id='word_1_405' title='bbox 462 5131 509 5204; x_wconf 86' lang='lat' dir='ltr'><em>Il.</em></span> 
     </span>
    </p>
   </div>
   <div class='ocr_carea' id='block_1_18' title="bbox 1123 3704 1891 4514">
    <p class='ocr_par' dir='ltr' id='par_1_21' title="bbox 1123 3704 1891 4514">
     <span class='ocr_line' id='line_1_67' title="bbox 1125 3704 1888 3806; baseline 0.003 -27"><span class='ocrx_word' id='word_1_406' title='bbox 1125 3704 1296 3780; x_wconf 88' lang='lat' dir='ltr'><em>mittens.</em></span> <span class='ocrx_word' id='word_1_407' title='bbox 1335 3704 1617 3806; x_wconf 79' lang='lat' dir='ltr'><em>indulgentiores</em></span> <span class='ocrx_word' id='word_1_408' title='bbox 1644 3705 1708 3780; x_wconf 91' lang='lat' dir='ltr'><em>alii</em></span> <span class='ocrx_word' id='word_1_409' title='bbox 1736 3705 1888 3804; x_wconf 80' lang='lat' dir='ltr'><em>Domini</em></span> 
     </span>
     <span class='ocr_line' id='line_1_68' title="bbox 1124 3805 1891 3908; baseline 0.007 -29"><span class='ocrx_word' id='word_1_410' title='bbox 1124 3807 1287 3882; x_wconf 73' lang='lat' dir='ltr'><em>lServis</em></span> <span class='ocrx_word' id='word_1_411' title='bbox 1322 3805 1533 3908; x_wconf 81' lang='lat' dir='ltr'><em>exigebant,</em></span> <span class='ocrx_word' id='word_1_412' title='bbox 1570 3825 1610 3882; x_wconf 92' lang='lat' dir='ltr'><em>ut</em></span> <span class='ocrx_word' id='word_1_413' title='bbox 1645 3823 1781 3882; x_wconf 87' lang='lat' dir='ltr'><em>tantam</em></span> <span class='ocrx_word' id='word_1_414' title='bbox 1817 3805 1891 3884; x_wconf 77' lang='lat' dir='ltr'><em>l&#39;ru·</em></span> 
     </span>
     <span class='ocr_line' id='line_1_69' title="bbox 1124 3907 1889 4011; baseline 0 -29"><span class='ocrx_word' id='word_1_415' title='bbox 1124 3935 1208 4011; x_wconf 85' lang='lat' dir='ltr'><em>gum</em></span> <span class='ocrx_word' id='word_1_416' title='bbox 1245 3907 1441 3983; x_wconf 88' lang='lat' dir='ltr'><em>mensuram</em></span> <span class='ocrx_word' id='word_1_417' title='bbox 1484 3908 1644 3982; x_wconf 87' lang='lat' dir='ltr'><em>Domino</em></span> <span class='ocrx_word' id='word_1_418' title='bbox 1678 3907 1889 4004; x_wconf 89' lang='lat' dir='ltr'><em>redderent,</em></span> 
     </span>
     <span class='ocr_line' id='line_1_70' title="bbox 1124 4007 1890 4108; baseline -0.003 -24"><span class='ocrx_word' id='word_1_419' title='bbox 1124 4027 1255 4108; x_wconf 86' lang='lat' dir='ltr'><em>quanta</em></span> <span class='ocrx_word' id='word_1_420' title='bbox 1299 4009 1438 4085; x_wconf 89' lang='lat' dir='ltr'><em>decenti</em></span> <span class='ocrx_word' id='word_1_421' title='bbox 1484 4007 1726 4088; x_wconf 85' lang='lat' dir='ltr'><em>aestimatione</em></span> <span class='ocrx_word' id='word_1_422' title='bbox 1769 4008 1890 4106; x_wconf 84' lang='lat' dir='ltr'><em>exspe-</em></span> 
     </span>
     <span class='ocr_line' id='line_1_71' title="bbox 1124 4109 1890 4212; baseline 0.005 -28"><span class='ocrx_word' id='word_1_423' title='bbox 1124 4111 1250 4184; x_wconf 74' lang='lat' dir='ltr'><em>nanda</em></span> <span class='ocrx_word' id='word_1_424' title='bbox 1284 4110 1473 4186; x_wconf 85' lang='lat' dir='ltr'><em>uidebatur</em></span> <span class='ocrx_word' id='word_1_425' title='bbox 1508 4138 1572 4212; x_wconf 90' lang='lat' dir='ltr'><em>pro</em></span> <span class='ocrx_word' id='word_1_426' title='bbox 1611 4109 1775 4212; x_wconf 87' lang='lat' dir='ltr'><em>portione</em></span> <span class='ocrx_word' id='word_1_427' title='bbox 1815 4111 1890 4188; x_wconf 88' lang='lat' dir='ltr'><em>Do·</em></span> 
     </span>
     <span class='ocr_line' id='line_1_72' title="bbox 1125 4210 1889 4310; baseline 0.007 -24"><span class='ocrx_word' id='word_1_428' title='bbox 1125 4210 1217 4288; x_wconf 90' lang='lat' dir='ltr'><em>mini</em></span> <span class='ocrx_word' id='word_1_429' title='bbox 1262 4237 1306 4288; x_wconf 82' lang='lat' dir='ltr'><em>ex</em></span> <span class='ocrx_word' id='word_1_430' title='bbox 1353 4213 1428 4310; x_wconf 82' lang='lat' dir='ltr'><em>agri</em></span> <span class='ocrx_word' id='word_1_431' title='bbox 1468 4231 1592 4288; x_wconf 86' lang='lat' dir='ltr'><em>natura</em></span> <span class='ocrx_word' id='word_1_432' title='bbox 1629 4214 1664 4287; x_wconf 73' lang='lat' dir='ltr'><em>tr</em></span> <span class='ocrx_word' id='word_1_433' title='bbox 1704 4211 1889 4290; x_wconf 83' lang='lat' dir='ltr'><em>communi</em></span> 
     </span>
     <span class='ocr_line' id='line_1_73' title="bbox 1124 4311 1890 4413; baseline 0.007 -26"><span class='ocrx_word' id='word_1_434' title='bbox 1124 4313 1301 4390; x_wconf 88' lang='lat' dir='ltr'><em>cultorum</em></span> <span class='ocrx_word' id='word_1_435' title='bbox 1328 4313 1471 4389; x_wconf 88' lang='lat' dir='ltr'><em>labore.</em></span> <span class='ocrx_word' id='word_1_436' title='bbox 1498 4311 1686 4413; x_wconf 88' lang='lat' dir='ltr'><em>Quidquid</em></span> <span class='ocrx_word' id='word_1_437' title='bbox 1709 4313 1834 4390; x_wconf 78' lang='lat' dir='ltr'><em>residui</em></span> <span class='ocrx_word' id='word_1_438' title='bbox 1853 4343 1890 4392; x_wconf 86' lang='lat' dir='ltr'><em>e·</em></span> 
     </span>
     <span class='ocr_line' id='line_1_74' title="bbox 1123 4414 1888 4514; baseline 0.007 -25"><span class='ocrx_word' id='word_1_439' title='bbox 1123 4431 1214 4506; x_wconf 89' lang='lat' dir='ltr'><em>rat,</em></span> <span class='ocrx_word' id='word_1_440' title='bbox 1254 4414 1293 4490; x_wconf 92' lang='lat' dir='ltr'><em>in</em></span> <span class='ocrx_word' id='word_1_441' title='bbox 1332 4416 1503 4514; x_wconf 66' lang='lat' dir='ltr'><em>alimenta</em></span> <span class='ocrx_word' id='word_1_442' title='bbox 1542 4434 1649 4514; x_wconf 88' lang='lat' dir='ltr'><em>atque</em></span> <span class='ocrx_word' id='word_1_443' title='bbox 1689 4417 1888 4494; x_wconf 84' lang='lat' dir='ltr'><em>utilitatem</em></span> 
     </span>
    </p>
   </div>
   <div class='ocr_carea' id='block_1_19' title="bbox 1048 4516 1888 4632">
    <p class='ocr_par' dir='ltr' id='par_1_22' title="bbox 1048 4516 1888 4632">
     <span class='ocr_line' id='line_1_75' title="bbox 1048 4516 1888 4632; baseline 0.004 -40"><span class='ocrx_word' id='word_1_444' title='bbox 1048 4563 1079 4632; x_wconf 67' lang='lat' dir='ltr'>E</span> <span class='ocrx_word' id='word_1_445' title='bbox 1125 4517 1326 4592; x_wconf 84' lang='lat' dir='ltr'><em>vertebatur</em></span> <span class='ocrx_word' id='word_1_446' title='bbox 1360 4516 1515 4614; x_wconf 89' lang='lat' dir='ltr'><em>ipsorum</em></span> <span class='ocrx_word' id='word_1_447' title='bbox 1542 4519 1799 4618; x_wconf 86' lang='lat' dir='ltr'><em>agricolarum,</em></span> <span class='ocrx_word' id='word_1_448' title='bbox 1834 4519 1888 4596; x_wconf 88' lang='lat' dir='ltr'><em>ita</em></span> 
     </span>
    </p>
   </div>
   <div class='ocr_carea' id='block_1_20' title="bbox 1123 4617 1888 5216">
    <p class='ocr_par' dir='ltr' id='par_1_23' title="bbox 1123 4617 1888 5216">
     <span class='ocr_line' id='line_1_76' title="bbox 1124 4617 1885 4720; baseline 0 -26"><span class='ocrx_word' id='word_1_449' title='bbox 1124 4635 1165 4694; x_wconf 89' lang='lat' dir='ltr'><em>ut</em></span> <span class='ocrx_word' id='word_1_450' title='bbox 1191 4617 1253 4719; x_wconf 90' lang='lat' dir='ltr'><em>qui</em></span> <span class='ocrx_word' id='word_1_451' title='bbox 1280 4618 1429 4720; x_wconf 89' lang='lat' dir='ltr'><em>reliquis</em></span> <span class='ocrx_word' id='word_1_452' title='bbox 1455 4617 1623 4696; x_wconf 74' lang='lat' dir='ltr'><em>industria</em></span> <span class='ocrx_word' id='word_1_453' title='bbox 1649 4619 1885 4719; x_wconf 61' lang='lat' dir='ltr'><em>praeliarent„</em></span> 
     </span>
     <span class='ocr_line' id='line_1_77' title="bbox 1123 4719 1886 4818; baseline 0.003 -24"><span class='ocrx_word' id='word_1_454' title='bbox 1123 4722 1211 4796; x_wconf 90' lang='lat' dir='ltr'><em>bene</em></span> <span class='ocrx_word' id='word_1_455' title='bbox 1247 4720 1417 4818; x_wconf 86' lang='lat' dir='ltr'><em>peculiati</em></span> <span class='ocrx_word' id='word_1_456' title='bbox 1444 4748 1484 4795; x_wconf 87' lang='lat' dir='ltr'><em>ac</em></span> <span class='ocrx_word' id='word_1_457' title='bbox 1511 4719 1643 4796; x_wconf 83' lang='lat' dir='ltr'><em>divites</em></span> <span class='ocrx_word' id='word_1_458' title='bbox 1664 4721 1886 4802; x_wconf 82' lang='lat' dir='ltr'><em>evaderent.</em></span> 
     </span>
     <span class='ocr_line' id='line_1_78' title="bbox 1123 4819 1888 4922; baseline -0.001 -26"><span class='ocrx_word' id='word_1_459' title='bbox 1123 4821 1211 4897; x_wconf 87' lang='lat' dir='ltr'><em>Alia</em></span> <span class='ocrx_word' id='word_1_460' title='bbox 1252 4847 1393 4922; x_wconf 89' lang='lat' dir='ltr'><em>quoque</em></span> <span class='ocrx_word' id='word_1_461' title='bbox 1433 4847 1540 4898; x_wconf 87' lang='lat' dir='ltr'><em>onera</em></span> <span class='ocrx_word' id='word_1_462' title='bbox 1574 4821 1621 4895; x_wconf 89' lang='lat' dir='ltr'><em>iis</em></span> <span class='ocrx_word' id='word_1_463' title='bbox 1656 4819 1888 4921; x_wconf 85' lang='lat' dir='ltr'><em>imponeban-</em></span> 
     </span>
     <span class='ocr_line' id='line_1_79' title="bbox 1124 4919 1887 5024; baseline -0.001 -27"><span class='ocrx_word' id='word_1_464' title='bbox 1124 4940 1213 5014; x_wconf 89' lang='lat' dir='ltr'><em>tur,</em></span> <span class='ocrx_word' id='word_1_465' title='bbox 1250 4924 1342 4998; x_wconf 82' lang='lat' dir='ltr'><em>ultra</em></span> <span class='ocrx_word' id='word_1_466' title='bbox 1379 4950 1468 5023; x_wconf 87' lang='lat' dir='ltr'><em>quae</em></span> <span class='ocrx_word' id='word_1_467' title='bbox 1504 4949 1563 4998; x_wconf 85' lang='lat' dir='ltr'><em>eos</em></span> <span class='ocrx_word' id='word_1_468' title='bbox 1598 4919 1746 5024; x_wconf 83' lang='lat' dir='ltr'><em>fatigare</em></span> <span class='ocrx_word' id='word_1_469' title='bbox 1780 4945 1887 4996; x_wconf 89' lang='lat' dir='ltr'><em>nemo</em></span> 
     </span>
     <span class='ocr_line' id='line_1_80' title="bbox 1125 5021 1887 5125; baseline 0 -25"><span class='ocrx_word' id='word_1_470' title='bbox 1125 5025 1254 5125; x_wconf 87' lang='lat' dir='ltr'><em>probus</em></span> <span class='ocrx_word' id='word_1_471' title='bbox 1290 5023 1497 5118; x_wconf 86' lang='lat' dir='ltr'><em>consuerit,</em></span> <span class='ocrx_word' id='word_1_472' title='bbox 1531 5021 1646 5098; x_wconf 85' lang='lat' dir='ltr'><em>immo</em></span> <span class='ocrx_word' id='word_1_473' title='bbox 1680 5021 1773 5096; x_wconf 91' lang='lat' dir='ltr'><em>nulli</em></span> <span class='ocrx_word' id='word_1_474' title='bbox 1801 5021 1887 5100; x_wconf 84' lang='lat' dir='ltr'><em>hero</em></span> 
     </span>
     <span class='ocr_line' id='line_1_81' title="bbox 1220 5122 1835 5216; baseline 0.002 -19"><span class='ocrx_word' id='word_1_475' title='bbox 1220 5127 1256 5196; x_wconf 92' lang='lat'>0</span> <span class='ocrx_word' id='word_1_476' title='bbox 1275 5149 1300 5198; x_wconf 92' lang='lat' dir='ltr'><em>o</em></span> <span class='ocrx_word' id='word_1_477' title='bbox 1705 5122 1835 5216; x_wconf 85' lang='lat' dir='ltr'><em>licuit,</em></span> 
     </span>
    </p>
   </div>
   <div class='ocr_carea' id='block_1_21' title="bbox 0 0 2280 6069">
    <p class='ocr_par' dir='ltr' id='par_1_24' title="bbox 0 0 2280 6069">
     <span class='ocr_line' id='line_1_82' title="bbox 0 0 2280 6069; baseline 0 0"><span class='ocrx_word' id='word_1_478' title='bbox 0 0 2280 6069; x_wconf 95' lang='lat' dir='ltr'><em> </em></span> 
     </span>
    </p>
   </div>
  </div>
 </body>
</html>
