<?xml version="1.0" encoding="UTF-8"?>
<!DOCTYPE html PUBLIC "-//W3C//DTD XHTML 1.0 Transitional//EN"
    "http://www.w3.org/TR/xhtml1/DTD/xhtml1-transitional.dtd">
<html xmlns="http://www.w3.org/1999/xhtml" xml:lang="en" lang="en">
 <head>
  <title>
</title>
<meta http-equiv="Content-Type" content="text/html;charset=utf-8" />
  <meta name='ocr-system' content='tesseract 3.04.00' />
  <meta name='ocr-capabilities' content='ocr_page ocr_carea ocr_par ocr_line ocrx_word'/>
</head>
<body>
  <div class='ocr_page' id='page_1' title='image "./antiquitatesita03muragoog_0128.png"; bbox 0 0 4594 6070; ppageno 0'>
   <div class='ocr_carea' id='block_1_1' title="bbox 339 299 1871 436">
    <p class='ocr_par' dir='ltr' id='par_1_1' title="bbox 339 299 1871 436">
     <span class='ocr_line' id='line_1_1' title="bbox 339 299 1871 436; baseline -0.001 -24"><span class='ocrx_word' id='word_1_1' title='bbox 339 326 428 436; x_wconf 68' lang='lat' dir='ltr'><em>&#39;ior&#39;</em></span> <span class='ocrx_word' id='word_1_2' title='bbox 588 311 1100 412; x_wconf 75' lang='lat' dir='ltr'><em>ntueeuuuuio</em></span> <span class='ocrx_word' id='word_1_3' title='bbox 1168 307 1603 406; x_wconf 75' lang='lat' dir='ltr'><em>uunucuun:</em></span> <span class='ocrx_word' id='word_1_4' title='bbox 1773 299 1871 434; x_wconf 65' lang='lat' dir='ltr'><em>en</em></span> 
     </span>
    </p>
   </div>
   <div class='ocr_carea' id='block_1_2' title="bbox 265 428 1923 2258">
    <p class='ocr_par' dir='ltr' id='par_1_2' title="bbox 265 428 1923 2258">
     <span class='ocr_line' id='line_1_2' title="bbox 278 428 1921 534; baseline 0.002 -28"><span class='ocrx_word' id='word_1_5' title='bbox 278 436 376 527; x_wconf 74' lang='lat' dir='ltr'><em>seam</em></span> <span class='ocrx_word' id='word_1_6' title='bbox 401 433 546 510; x_wconf 79' lang='lat' dir='ltr'><em>exoravit</em></span> <span class='ocrx_word' id='word_1_7' title='bbox 572 437 796 528; x_wconf 88' lang='lat' dir='ltr'><em>elementiam,</em></span> <span class='ocrx_word' id='word_1_8' title='bbox 821 457 976 534; x_wconf 68' lang='lat' dir='ltr'><em>quonum</em></span> <span class='ocrx_word' id='word_1_9' title='bbox 1001 437 1044 508; x_wconf 90' lang='lat' dir='ltr'><em>ei·</em></span> <span class='ocrx_word' id='word_1_10' title='bbox 1064 441 1127 512; x_wconf 82' lang='lat' dir='ltr'><em>·A¹</em></span> <span class='ocrx_word' id='word_1_11' title='bbox 1154 431 1349 510; x_wconf 79' lang='lat' dir='ltr'><em>sfundimus</em></span> <span class='ocrx_word' id='word_1_12' title='bbox 1376 459 1416 508; x_wconf 84' lang='lat' dir='ltr'><em>ac</em></span> <span class='ocrx_word' id='word_1_13' title='bbox 1442 431 1520 508; x_wconf 88' lang='lat' dir='ltr'><em>dele</em></span> <span class='ocrx_word' id='word_1_14' title='bbox 1545 437 1670 526; x_wconf 61' lang='lat' dir='ltr'><em>amus}</em></span> <span class='ocrx_word' id='word_1_15' title='bbox 1695 428 1780 519; x_wconf 77' lang='lat' dir='ltr'><em>secut</em></span> <span class='ocrx_word' id='word_1_16' title='bbox 1810 454 1921 534; x_wconf 72' lang='lat' dir='ltr'><em>pretet</em></span> 
     </span>
     <span class='ocr_line' id='line_1_3' title="bbox 279 461 1920 636; baseline 0.003 -26"><span class='ocrx_word' id='word_1_17' title='bbox 279 541 351 610; x_wconf 89' lang='lat' dir='ltr'><em>dem</em></span> <span class='ocrx_word' id='word_1_18' title='bbox 359 541 469 631; x_wconf 73' lang='lat' dir='ltr'><em>sanilo</em></span> <span class='ocrx_word' id='word_1_19' title='bbox 484 540 722 612; x_wconf 67' lang='lat' dir='ltr'><em>&amp;venerabili</em></span> <span class='ocrx_word' id='word_1_20' title='bbox 735 539 1045 636; x_wconf 81' lang='lat' dir='ltr'><em>Moncslerioquan·</em></span> <span class='ocrx_word' id='word_1_21' title='bbox 1153 557 1231 608; x_wconf 87' lang='lat' dir='ltr'><em>xata</em></span> <span class='ocrx_word' id='word_1_22' title='bbox 1255 537 1420 610; x_wconf 81' lang='lat' dir='ltr'><em>declarant</em></span> <span class='ocrx_word' id='word_1_23' title='bbox 1445 461 1585 628; x_wconf 65' lang='lat' dir='ltr'><em>confiiuia</em></span> <span class='ocrx_word' id='word_1_24' title='bbox 1597 564 1619 626; x_wconf 90' lang='lat'><em>;</em></span> <span class='ocrx_word' id='word_1_25' title='bbox 1643 537 1698 610; x_wconf 87' lang='lat' dir='ltr'><em>boc</em></span> <span class='ocrx_word' id='word_1_26' title='bbox 1723 535 1759 608; x_wconf 92' lang='lat' dir='ltr'><em>in</em></span> <span class='ocrx_word' id='word_1_27' title='bbox 1784 543 1920 614; x_wconf 87' lang='lat' dir='ltr'><em>manda·</em></span> 
     </span>
     <span class='ocr_line' id='line_1_4' title="bbox 279 640 1920 739; baseline -0.004 -23"><span class='ocrx_word' id='word_1_28' title='bbox 279 641 356 716; x_wconf 74' lang='lat' dir='ltr'><em>dam</em></span> <span class='ocrx_word' id='word_1_29' title='bbox 376 663 501 739; x_wconf 82' lang='lat' dir='ltr'><em>partem</em></span> <span class='ocrx_word' id='word_1_30' title='bbox 535 641 619 712; x_wconf 91' lang='lat' dir='ltr'><em>muri</em></span> <span class='ocrx_word' id='word_1_31' title='bbox 647 641 770 737; x_wconf 76' lang='lat' dir='ltr'><em>publici</em></span> <span class='ocrx_word' id='word_1_32' title='bbox 794 640 955 712; x_wconf 87' lang='lat' dir='ltr'><em>Civitatis</em></span> <span class='ocrx_word' id='word_1_33' title='bbox 979 647 1045 714; x_wconf 86' lang='lat' dir='ltr'><em>Pa·</em></span> <span class='ocrx_word' id='word_1_34' title='bbox 1131 641 1198 734; x_wconf 25' lang='lat' dir='ltr'><em>,tis</em></span> <span class='ocrx_word' id='word_1_35' title='bbox 1222 640 1359 722; x_wconf 73' lang='lat' dir='ltr'><em>dantes,</em></span> <span class='ocrx_word' id='word_1_36' title='bbox 1382 657 1419 709; x_wconf 89' lang='lat' dir='ltr'><em>ut</em></span> <span class='ocrx_word' id='word_1_37' title='bbox 1445 643 1577 720; x_wconf 80' lang='lat' dir='ltr'><em>eundern</em></span> <span class='ocrx_word' id='word_1_38' title='bbox 1602 663 1724 710; x_wconf 87' lang='lat' dir='ltr'><em>murum</em></span> <span class='ocrx_word' id='word_1_39' title='bbox 1746 661 1824 736; x_wconf 83' lang='lat' dir='ltr'><em>pare</em></span> <span class='ocrx_word' id='word_1_40' title='bbox 1844 663 1920 739; x_wconf 77' lang='lat' dir='ltr'><em>pre·</em></span> 
     </span>
     <span class='ocr_line' id='line_1_5' title="bbox 274 736 1919 839; baseline 0.001 -26"><span class='ocrx_word' id='word_1_41' title='bbox 274 760 357 838; x_wconf 83' lang='lat' dir='ltr'><em>pre,</em></span> <span class='ocrx_word' id='word_1_42' title='bbox 397 745 561 816; x_wconf 75' lang='lat' dir='ltr'><em>habentem</em></span> <span class='ocrx_word' id='word_1_43' title='bbox 587 744 621 816; x_wconf 90' lang='lat' dir='ltr'><em>in</em></span> <span class='ocrx_word' id='word_1_44' title='bbox 647 741 849 838; x_wconf 75' lang='lat' dir='ltr'><em>longitudine</em></span> <span class='ocrx_word' id='word_1_45' title='bbox 880 744 976 839; x_wconf 84' lang='lat' dir='ltr'><em>pedes</em></span> <span class='ocrx_word' id='word_1_46' title='bbox 1000 744 1043 812; x_wconf 87' lang='lat' dir='ltr'><em>le·</em></span> <span class='ocrx_word' id='word_1_47' title='bbox 1149 740 1219 832; x_wconf 88' lang='lat' dir='ltr'><em>sati</em></span> <span class='ocrx_word' id='word_1_48' title='bbox 1244 736 1436 828; x_wconf 80' lang='lat' dir='ltr'><em>Monaslerii</em></span> <span class='ocrx_word' id='word_1_49' title='bbox 1463 741 1627 836; x_wconf 85' lang='lat' dir='ltr'><em>srangat,</em></span> <span class='ocrx_word' id='word_1_50' title='bbox 1664 740 1707 810; x_wconf 68' lang='lat' dir='ltr'><em>cb</em></span> <span class='ocrx_word' id='word_1_51' title='bbox 1738 761 1847 835; x_wconf 78' lang='lat' dir='ltr'><em>portum</em></span> <span class='ocrx_word' id='word_1_52' title='bbox 1872 745 1919 817; x_wconf 83' lang='lat' dir='ltr'><em>ad.</em></span> 
     </span>
     <span class='ocr_line' id='line_1_6' title="bbox 274 823 1917 944; baseline 0.001 -30"><span class='ocrx_word' id='word_1_53' title='bbox 274 845 409 940; x_wconf 84' lang='lat' dir='ltr'><em>gitimos</em></span> <span class='ocrx_word' id='word_1_54' title='bbox 434 845 611 940; x_wconf 72' lang='lat' dir='ltr'><em>nonaginta</em></span> <span class='ocrx_word' id='word_1_55' title='bbox 636 869 760 935; x_wconf 92' lang='lat' dir='ltr'><em>unum,</em></span> <span class='ocrx_word' id='word_1_56' title='bbox 786 843 862 944; x_wconf 80' lang='lat' dir='ltr'><em>jure</em></span> <span class='ocrx_word' id='word_1_57' title='bbox 889 844 1044 944; x_wconf 87' lang='lat' dir='ltr'><em>proprie·</em></span> <span class='ocrx_word' id='word_1_58' title='bbox 1155 823 1330 914; x_wconf 81' lang='lat' dir='ltr'><em>utilitatem</em></span> <span class='ocrx_word' id='word_1_59' title='bbox 1356 840 1454 939; x_wconf 88' lang='lat' dir='ltr'><em>ipfius</em></span> <span class='ocrx_word' id='word_1_60' title='bbox 1472 841 1580 934; x_wconf 81' lang='lat' dir='ltr'><em>senili</em></span> <span class='ocrx_word' id='word_1_61' title='bbox 1613 840 1673 914; x_wconf 90' lang='lat' dir='ltr'><em>loci</em></span> <span class='ocrx_word' id='word_1_62' title='bbox 1701 840 1804 931; x_wconf 86' lang='lat' dir='ltr'><em>saciat</em></span> <span class='ocrx_word' id='word_1_63' title='bbox 1817 871 1838 931; x_wconf 86' lang='lat'><em>‚·</em></span> <span class='ocrx_word' id='word_1_64' title='bbox 1872 847 1917 916; x_wconf 68' lang='lat'><em>(9¹</em></span> 
     </span>
     <span class='ocr_line' id='line_1_7' title="bbox 277 941 1919 1042; baseline 0 -26"><span class='ocrx_word' id='word_1_65' title='bbox 277 945 374 1018; x_wconf 85' lang='lat' dir='ltr'><em>tario</em></span> <span class='ocrx_word' id='word_1_66' title='bbox 408 967 465 1041; x_wconf 86' lang='lat' dir='ltr'><em>pro</em></span> <span class='ocrx_word' id='word_1_67' title='bbox 499 945 642 1018; x_wconf 85' lang='lat' dir='ltr'><em>utilitate</em></span> <span class='ocrx_word' id='word_1_68' title='bbox 680 965 775 1041; x_wconf 82' lang='lat' dir='ltr'><em>atque</em></span> <span class='ocrx_word' id='word_1_69' title='bbox 814 947 1046 1042; x_wconf 76' lang='lat' dir='ltr'><em>opportunitate</em></span> <span class='ocrx_word' id='word_1_70' title='bbox 1154 951 1363 1040; x_wconf 82' lang='lat' dir='ltr'><em>quodcumque</em></span> <span class='ocrx_word' id='word_1_71' title='bbox 1387 941 1732 1036; x_wconf 73' lang='lat' dir='ltr'><em>voluerit-aedificium</em></span> <span class='ocrx_word' id='word_1_72' title='bbox 1757 945 1919 1037; x_wconf 78' lang='lat' dir='ltr'><em>poteslati·</em></span> 
     </span>
     <span class='ocr_line' id='line_1_8' title="bbox 265 1042 1919 1144; baseline 0.001 -31"><span class='ocrx_word' id='word_1_73' title='bbox 265 1105 268 1113; x_wconf 92' lang='lat'>.</span> <span class='ocrx_word' id='word_1_74' title='bbox 276 1046 400 1143; x_wconf 88' lang='lat' dir='ltr'><em>presati</em></span> <span class='ocrx_word' id='word_1_75' title='bbox 438 1046 628 1133; x_wconf 84' lang='lat' dir='ltr'><em>Monaslerio&#39;</em></span> <span class='ocrx_word' id='word_1_76' title='bbox 665 1047 761 1142; x_wconf 85' lang='lat' dir='ltr'><em>usque</em></span> <span class='ocrx_word' id='word_1_77' title='bbox 796 1047 830 1118; x_wconf 93' lang='lat' dir='ltr'><em>in</em></span> <span class='ocrx_word' id='word_1_78' title='bbox 863 1069 1046 1144; x_wconf 88' lang='lat' dir='ltr'><em>perpetuum</em></span> <span class='ocrx_word' id='word_1_79' title='bbox 1154 1071 1197 1116; x_wconf 92' lang='lat' dir='ltr'><em>ve</em></span> <span class='ocrx_word' id='word_1_80' title='bbox 1223 1045 1306 1117; x_wconf 87' lang='lat' dir='ltr'><em>inubi</em></span> <span class='ocrx_word' id='word_1_81' title='bbox 1324 1043 1479 1132; x_wconf 82' lang='lat' dir='ltr'><em>construat</em></span> <span class='ocrx_word' id='word_1_82' title='bbox 1497 1044 1601 1131; x_wconf 80' lang='lat' dir='ltr'><em>noslrl</em></span> <span class='ocrx_word' id='word_1_83' title='bbox 1618 1042 1776 1142; x_wconf 74' lang='lat' dir='ltr'><em>magnifici</em></span> <span class='ocrx_word' id='word_1_84' title='bbox 1793 1047 1836 1114; x_wconf 59' lang='grc' dir='ltr'><em>(θ’</em></span> <span class='ocrx_word' id='word_1_85' title='bbox 1851 1054 1919 1119; x_wconf 86' lang='lat' dir='ltr'><em>Re.</em></span> 
     </span>
     <span class='ocr_line' id='line_1_9' title="bbox 280 1145 1919 1246; baseline -0.002 -28"><span class='ocrx_word' id='word_1_86' title='bbox 280 1150 438 1218; x_wconf 86' lang='lat' dir='ltr'><em>concedere</em></span> <span class='ocrx_word' id='word_1_87' title='bbox 462 1149 689 1244; x_wconf 85' lang='lat' dir='ltr'><em>dignaremur.</em></span> <span class='ocrx_word' id='word_1_88' title='bbox 716 1147 781 1218; x_wconf 87' lang='lat' dir='ltr'><em>Cui</em></span> <span class='ocrx_word' id='word_1_89' title='bbox 804 1152 828 1218; x_wconf 75' lang='lat' dir='ltr'><em>d</em></span> <span class='ocrx_word' id='word_1_90' title='bbox 852 1150 1043 1246; x_wconf 82' lang='lat' dir='ltr'><em>Septentrio·</em></span> <span class='ocrx_word' id='word_1_91' title='bbox 1151 1148 1226 1243; x_wconf 88' lang='lat' dir='ltr'><em>gali</em></span> <span class='ocrx_word' id='word_1_92' title='bbox 1250 1145 1458 1238; x_wconf 65' lang='lat' dir='ltr'><em>auctoritare,</em></span> <span class='ocrx_word' id='word_1_93' title='bbox 1479 1146 1588 1244; x_wconf 80' lang='lat' dir='ltr'><em>sopitb</em></span> <span class='ocrx_word' id='word_1_94' title='bbox 1613 1147 1699 1218; x_wconf 87' lang='lat' dir='ltr'><em>omni</em></span> <span class='ocrx_word' id='word_1_95' title='bbox 1719 1147 1851 1244; x_wconf 83' lang='lat' dir='ltr'><em>publicl</em></span> <span class='ocrx_word' id='word_1_96' title='bbox 1871 1173 1919 1219; x_wconf 86' lang='lat' dir='ltr'><em>re.</em></span> 
     </span>
     <span class='ocr_line' id='line_1_10' title="bbox 279 1247 1920 1346; baseline 0.001 -26"><span class='ocrx_word' id='word_1_97' title='bbox 279 1249 353 1322; x_wconf 91' lang='lat' dir='ltr'><em>nali</em></span> <span class='ocrx_word' id='word_1_98' title='bbox 374 1267 466 1344; x_wconf 91' lang='lat' dir='ltr'><em>parte</em></span> <span class='ocrx_word' id='word_1_99' title='bbox 491 1249 579 1338; x_wconf 86' lang='lat' dir='ltr'><em>insta</em></span> <span class='ocrx_word' id='word_1_100' title='bbox 604 1275 726 1322; x_wconf 85' lang='lat' dir='ltr'><em>murum</em></span> <span class='ocrx_word' id='word_1_101' title='bbox 762 1248 860 1346; x_wconf 81' lang='lat' dir='ltr'><em>ipfius</em></span> <span class='ocrx_word' id='word_1_102' title='bbox 885 1251 1046 1324; x_wconf 81' lang='lat' dir='ltr'><em>Civitatis</em></span> <span class='ocrx_word' id='word_1_103' title='bbox 1152 1248 1325 1345; x_wconf 88' lang='lat' dir='ltr'><em>petitione.</em></span> <span class='ocrx_word' id='word_1_104' title='bbox 1351 1255 1377 1320; x_wconf 80' lang='lat'><em>5</em></span> <span class='ocrx_word' id='word_1_105' title='bbox 1378 1249 1391 1318; x_wconf 93' lang='lat' dir='ltr'><em>i</em></span> <span class='ocrx_word' id='word_1_106' title='bbox 1416 1249 1487 1345; x_wconf 87' lang='lat' dir='ltr'><em>quic</em></span> <span class='ocrx_word' id='word_1_107' title='bbox 1513 1249 1614 1346; x_wconf 81' lang='lat' dir='ltr'><em>igitur</em></span> <span class='ocrx_word' id='word_1_108' title='bbox 1629 1250 1684 1321; x_wconf 90' lang='lat' dir='ltr'><em>boc</em></span> <span class='ocrx_word' id='word_1_109' title='bbox 1702 1247 1821 1336; x_wconf 80' lang='lat' dir='ltr'><em>ntslrae</em></span> <span class='ocrx_word' id='word_1_110' title='bbox 1849 1275 1920 1322; x_wconf 77' lang='lat' dir='ltr'><em>eon·</em></span> 
     </span>
     <span class='ocr_line' id='line_1_11' title="bbox 279 1347 1919 1448; baseline -0.002 -24"><span class='ocrx_word' id='word_1_111' title='bbox 279 1348 407 1442; x_wconf 77' lang='lat' dir='ltr'><em>aajacee</em></span> <span class='ocrx_word' id='word_1_112' title='bbox 441 1351 598 1424; x_wconf 83' lang='lat' dir='ltr'><em>hereditat</em></span> <span class='ocrx_word' id='word_1_113' title='bbox 629 1350 808 1442; x_wconf 87' lang='lat' dir='ltr'><em>Gotsredi,</em></span> <span class='ocrx_word' id='word_1_114' title='bbox 843 1354 885 1424; x_wconf 91' lang='lat' dir='ltr'><em>ab</em></span> <span class='ocrx_word' id='word_1_115' title='bbox 918 1353 1045 1423; x_wconf 82' lang='lat' dir='ltr'><em>Oriente</em></span> <span class='ocrx_word' id='word_1_116' title='bbox 1083 1347 1113 1420; x_wconf 88' lang='lat' dir='ltr'>B</span> <span class='ocrx_word' id='word_1_117' title='bbox 1156 1349 1291 1442; x_wconf 79' lang='lat' dir='ltr'><em>cessionis</em></span> <span class='ocrx_word' id='word_1_118' title='bbox 1313 1370 1491 1446; x_wconf 78' lang='lat' dir='ltr'><em>preceptum</em></span> <span class='ocrx_word' id='word_1_119' title='bbox 1517 1351 1689 1448; x_wconf 83' lang='lat' dir='ltr'><em>instingere</em></span> <span class='ocrx_word' id='word_1_120' title='bbox 1714 1351 1769 1422; x_wconf 91' lang='lat' dir='ltr'><em>vel</em></span> <span class='ocrx_word' id='word_1_121' title='bbox 1793 1350 1919 1422; x_wconf 88' lang='lat' dir='ltr'><em>violare</em></span> 
     </span>
     <span class='ocr_line' id='line_1_12' title="bbox 279 1451 1921 1549; baseline 0.002 -27"><span class='ocrx_word' id='word_1_122' title='bbox 279 1457 381 1541; x_wconf 80' lang='lat' dir='ltr'><em>verb,</em></span> <span class='ocrx_word' id='word_1_123' title='bbox 409 1453 452 1522; x_wconf 62' lang='lat' dir='ltr'><em>(J</em></span> <span class='ocrx_word' id='word_1_124' title='bbox 477 1454 662 1540; x_wconf 76' lang='lat' dir='ltr'><em>Occidente,</em></span> <span class='ocrx_word' id='word_1_125' title='bbox 698 1473 792 1547; x_wconf 82' lang='lat' dir='ltr'><em>atque</em></span> <span class='ocrx_word' id='word_1_126' title='bbox 817 1453 960 1524; x_wconf 81' lang='lat' dir='ltr'><em>Meridie</em></span> <span class='ocrx_word' id='word_1_127' title='bbox 984 1454 1043 1526; x_wconf 89' lang='lat' dir='ltr'><em>eir·</em></span> <span class='ocrx_word' id='word_1_128' title='bbox 1156 1453 1386 1548; x_wconf 88' lang='lat' dir='ltr'><em>temptaverit,</em></span> <span class='ocrx_word' id='word_1_129' title='bbox 1414 1451 1499 1544; x_wconf 90' lang='lat' dir='ltr'><em>sciat</em></span> <span class='ocrx_word' id='word_1_130' title='bbox 1518 1451 1554 1544; x_wconf 86' lang='lat' dir='ltr'><em>se</em></span> <span class='ocrx_word' id='word_1_131' title='bbox 1580 1451 1814 1549; x_wconf 82' lang='lat' dir='ltr'><em>compofitutum</em></span> <span class='ocrx_word' id='word_1_132' title='bbox 1848 1455 1921 1527; x_wconf 87' lang='lat' dir='ltr'><em>auri</em></span> 
     </span>
     <span class='ocr_line' id='line_1_13' title="bbox 280 1549 1923 1650; baseline -0.002 -26"><span class='ocrx_word' id='word_1_133' title='bbox 280 1576 350 1624; x_wconf 90' lang='lat' dir='ltr'><em>tum</em></span> <span class='ocrx_word' id='word_1_134' title='bbox 375 1552 514 1649; x_wconf 90' lang='lat' dir='ltr'><em>cingitur</em></span> <span class='ocrx_word' id='word_1_135' title='bbox 537 1549 765 1650; x_wconf 76' lang='lat' dir='ltr'><em>posseffiouibus</em></span> <span class='ocrx_word' id='word_1_136' title='bbox 777 1551 851 1646; x_wconf 77' lang='lat' dir='ltr'><em>sam</em></span> <span class='ocrx_word' id='word_1_137' title='bbox 867 1551 949 1626; x_wconf 78' lang='lat' dir='ltr'><em>dilli</em></span> <span class='ocrx_word' id='word_1_138' title='bbox 967 1560 1043 1626; x_wconf 88' lang='lat' dir='ltr'><em>Mo·</em></span> <span class='ocrx_word' id='word_1_139' title='bbox 1156 1553 1268 1648; x_wconf 89' lang='lat' dir='ltr'><em>optimi</em></span> <span class='ocrx_word' id='word_1_140' title='bbox 1287 1555 1404 1625; x_wconf 85' lang='lat' dir='ltr'><em>Libras</em></span> <span class='ocrx_word' id='word_1_141' title='bbox 1421 1573 1567 1643; x_wconf 90' lang='lat' dir='ltr'><em>centum,</em></span> <span class='ocrx_word' id='word_1_142' title='bbox 1587 1553 1781 1626; x_wconf 90' lang='lat' dir='ltr'><em>medietatem</em></span> <span class='ocrx_word' id='word_1_143' title='bbox 1809 1559 1923 1626; x_wconf 87' lang='lat' dir='ltr'><em>Carne.</em></span> 
     </span>
     <span class='ocr_line' id='line_1_14' title="bbox 282 1651 1921 1752; baseline 0.002 -28"><span class='ocrx_word' id='word_1_144' title='bbox 282 1651 437 1739; x_wconf 77' lang='lat' dir='ltr'><em>nassetii.</em></span> <span class='ocrx_word' id='word_1_145' title='bbox 473 1652 576 1748; x_wconf 74' lang='lat' dir='ltr'><em>cujus</em></span> <span class='ocrx_word' id='word_1_146' title='bbox 608 1654 751 1750; x_wconf 80' lang='lat' dir='ltr'><em>precibus</em></span> <span class='ocrx_word' id='word_1_147' title='bbox 783 1654 964 1745; x_wconf 79' lang='lat' dir='ltr'><em>acclinati,</em></span> <span class='ocrx_word' id='word_1_148' title='bbox 1000 1659 1045 1726; x_wconf 71' lang='grc'><em>(9·</em></span> <span class='ocrx_word' id='word_1_149' title='bbox 1157 1678 1210 1726; x_wconf 90' lang='lat' dir='ltr'><em>rae</em></span> <span class='ocrx_word' id='word_1_150' title='bbox 1244 1653 1390 1744; x_wconf 87' lang='lat' dir='ltr'><em>noslrae,</em></span> <span class='ocrx_word' id='word_1_151' title='bbox 1426 1657 1470 1724; x_wconf 69' lang='grc'><em>(9·</em></span> <span class='ocrx_word' id='word_1_152' title='bbox 1504 1655 1703 1728; x_wconf 84' lang='lat' dir='ltr'><em>medietatem</em></span> <span class='ocrx_word' id='word_1_153' title='bbox 1739 1655 1921 1752; x_wconf 69' lang='lat' dir='ltr'><em>praediilae</em></span> 
     </span>
     <span class='ocr_line' id='line_1_15' title="bbox 282 1751 1921 1854; baseline 0.001 -28"><span class='ocrx_word' id='word_1_154' title='bbox 282 1780 387 1826; x_wconf 81' lang='lat' dir='ltr'><em>amore</em></span> <span class='ocrx_word' id='word_1_155' title='bbox 420 1753 518 1844; x_wconf 88' lang='lat' dir='ltr'><em>Dei,</em></span> <span class='ocrx_word' id='word_1_156' title='bbox 553 1753 749 1851; x_wconf 80' lang='lat' dir='ltr'><em>Sanllaeque</em></span> <span class='ocrx_word' id='word_1_157' title='bbox 777 1757 899 1852; x_wconf 86' lang='lat' dir='ltr'><em>semper</em></span> <span class='ocrx_word' id='word_1_158' title='bbox 935 1757 1042 1854; x_wconf 84' lang='lat' dir='ltr'><em>Virgi·</em></span> <span class='ocrx_word' id='word_1_159' title='bbox 1158 1751 1315 1840; x_wconf 83' lang='lat' dir='ltr'><em>Risindae</em></span> <span class='ocrx_word' id='word_1_160' title='bbox 1348 1755 1528 1826; x_wconf 81' lang='lat' dir='ltr'><em>venerabili</em></span> <span class='ocrx_word' id='word_1_161' title='bbox 1552 1752 1769 1850; x_wconf 73' lang='lat' dir='ltr'><em>Abbatissiae,</em></span> <span class='ocrx_word' id='word_1_162' title='bbox 1796 1753 1921 1852; x_wconf 77' lang='lat' dir='ltr'><em>ejusque</em></span> 
     </span>
     <span class='ocr_line' id='line_1_16' title="bbox 281 1851 1918 1956; baseline 0.001 -30"><span class='ocrx_word' id='word_1_163' title='bbox 281 1855 335 1926; x_wconf 87' lang='lat' dir='ltr'><em>uis</em></span> <span class='ocrx_word' id='word_1_164' title='bbox 360 1857 492 1928; x_wconf 86' lang='lat' dir='ltr'><em>Mariae</em></span> <span class='ocrx_word' id='word_1_165' title='bbox 511 1855 668 1947; x_wconf 69' lang='lat' dir='ltr'><em>sumens,</em></span> <span class='ocrx_word' id='word_1_166' title='bbox 687 1860 819 1928; x_wconf 88' lang='lat' dir='ltr'><em>eundem</em></span> <span class='ocrx_word' id='word_1_167' title='bbox 837 1884 958 1946; x_wconf 71' lang='lat' dir='ltr'><em>murum</em></span> <span class='ocrx_word' id='word_1_168' title='bbox 974 1883 1044 1956; x_wconf 85' lang='lat' dir='ltr'><em>pre·</em></span> <span class='ocrx_word' id='word_1_169' title='bbox 1150 1851 1391 1949; x_wconf 78' lang='lat' dir='ltr'><em>successoribus.</em></span> <span class='ocrx_word' id='word_1_170' title='bbox 1426 1859 1524 1952; x_wconf 72' lang='lat' dir='ltr'><em>Quod</em></span> <span class='ocrx_word' id='word_1_171' title='bbox 1549 1878 1586 1928; x_wconf 92' lang='lat' dir='ltr'><em>ut</em></span> <span class='ocrx_word' id='word_1_172' title='bbox 1610 1859 1718 1928; x_wconf 84' lang='lat' dir='ltr'><em>verius</em></span> <span class='ocrx_word' id='word_1_173' title='bbox 1753 1861 1918 1949; x_wconf 75' lang='lat' dir='ltr'><em>credatur,</em></span> 
     </span>
     <span class='ocr_line' id='line_1_17' title="bbox 276 1955 1921 2053; baseline 0.002 -25"><span class='ocrx_word' id='word_1_174' title='bbox 276 1955 349 2046; x_wconf 88' lang='lat' dir='ltr'><em>sato</em></span> <span class='ocrx_word' id='word_1_175' title='bbox 375 1955 569 2044; x_wconf 88' lang='lat' dir='ltr'><em>Monaslerio</em></span> <span class='ocrx_word' id='word_1_176' title='bbox 589 1957 817 2053; x_wconf 88' lang='lat' dir='ltr'><em>perpetualiter</em></span> <span class='ocrx_word' id='word_1_177' title='bbox 855 1963 1047 2032; x_wconf 82' lang='lat' dir='ltr'><em>concedimus</em></span> <span class='ocrx_word' id='word_1_178' title='bbox 1157 1957 1201 2026; x_wconf 74' lang='grc'><em>(9·</em></span> <span class='ocrx_word' id='word_1_179' title='bbox 1226 1957 1418 2052; x_wconf 81' lang='lat' dir='ltr'><em>diligentius</em></span> <span class='ocrx_word' id='word_1_180' title='bbox 1442 1957 1639 2050; x_wconf 82' lang='lat' dir='ltr'><em>observetur,</em></span> <span class='ocrx_word' id='word_1_181' title='bbox 1667 1985 1764 2028; x_wconf 87' lang='lat' dir='ltr'><em>manu</em></span> <span class='ocrx_word' id='word_1_182' title='bbox 1787 1959 1921 2053; x_wconf 85' lang='lat' dir='ltr'><em>propriu</em></span> 
     </span>
     <span class='ocr_line' id='line_1_18' title="bbox 284 2057 1921 2158; baseline 0 -32"><span class='ocrx_word' id='word_1_183' title='bbox 284 2057 537 2153; x_wconf 53' lang='lat' dir='ltr'><em>&amp;largimun</em></span> <span class='ocrx_word' id='word_1_184' title='bbox 563 2085 600 2130; x_wconf 91' lang='lat' dir='ltr'><em>ac</em></span> <span class='ocrx_word' id='word_1_185' title='bbox 625 2058 669 2130; x_wconf 88' lang='lat' dir='ltr'><em>de</em></span> <span class='ocrx_word' id='word_1_186' title='bbox 693 2057 808 2132; x_wconf 85' lang='lat' dir='ltr'><em>nostro</em></span> <span class='ocrx_word' id='word_1_187' title='bbox 836 2061 909 2158; x_wconf 87' lang='lat' dir='ltr'><em>jure</em></span> <span class='ocrx_word' id='word_1_188' title='bbox 929 2065 963 2135; x_wconf 74' lang='grc' dir='ltr'><em>δ(</em></span> <span class='ocrx_word' id='word_1_189' title='bbox 982 2063 1043 2136; x_wconf 84' lang='lat' dir='ltr'><em>do·</em></span> <span class='ocrx_word' id='word_1_190' title='bbox 1157 2060 1359 2146; x_wconf 80' lang='lat' dir='ltr'><em>roborantes,</em></span> <span class='ocrx_word' id='word_1_191' title='bbox 1393 2059 1433 2128; x_wconf 93' lang='lat' dir='ltr'><em>de</em></span> <span class='ocrx_word' id='word_1_192' title='bbox 1458 2059 1553 2132; x_wconf 84' lang='lat' dir='ltr'><em>anulo</em></span> <span class='ocrx_word' id='word_1_193' title='bbox 1589 2061 1688 2150; x_wconf 81' lang='lat' dir='ltr'><em>nostro</em></span> <span class='ocrx_word' id='word_1_194' title='bbox 1707 2058 1816 2152; x_wconf 83' lang='lat' dir='ltr'><em>subter</em></span> <span class='ocrx_word' id='word_1_195' title='bbox 1842 2058 1921 2148; x_wconf 79' lang='lat' dir='ltr'><em>insi.</em></span> 
     </span>
     <span class='ocr_line' id='line_1_19' title="bbox 283 2155 1437 2258; baseline -0.003 -24"><span class='ocrx_word' id='word_1_196' title='bbox 283 2155 399 2234; x_wconf 82' lang='lat' dir='ltr'><em>minio</em></span> <span class='ocrx_word' id='word_1_197' title='bbox 425 2159 463 2232; x_wconf 83' lang='lat' dir='ltr'><em>in</em></span> <span class='ocrx_word' id='word_1_198' title='bbox 491 2159 564 2256; x_wconf 89' lang='lat' dir='ltr'><em>ejus</em></span> <span class='ocrx_word' id='word_1_199' title='bbox 591 2158 645 2255; x_wconf 83' lang='lat' dir='ltr'><em>jue</em></span> <span class='ocrx_word' id='word_1_200' title='bbox 667 2159 703 2232; x_wconf 75' lang='grc' dir='ltr'><em>δι</em></span> <span class='ocrx_word' id='word_1_201' title='bbox 727 2159 929 2238; x_wconf 86' lang='lat' dir='ltr'><em>dominium</em></span> <span class='ocrx_word' id='word_1_202' title='bbox 950 2183 1043 2238; x_wconf 82' lang='lat' dir='ltr'><em>tran·</em></span> <span class='ocrx_word' id='word_1_203' title='bbox 1154 2159 1246 2258; x_wconf 83' lang='lat' dir='ltr'><em>gnire&#39;</em></span> <span class='ocrx_word' id='word_1_204' title='bbox 1265 2157 1437 2256; x_wconf 79' lang='lat' dir='ltr'><em>jussimus.</em></span> 
     </span>
    </p>
   </div>
   <div class='ocr_carea' id='block_1_3' title="bbox 462 2363 1778 2803">
    <p class='ocr_par' dir='ltr' id='par_1_3' title="bbox 462 2363 1778 2803">
     <span class='ocr_line' id='line_1_20' title="bbox 1024 2363 1049 2438; baseline 0 0"><span class='ocrx_word' id='word_1_205' title='bbox 1024 2363 1049 2438; x_wconf 83' lang='lat' dir='ltr'>S</span> 
     </span>
     <span class='ocr_line' id='line_1_21' title="bbox 462 2372 1778 2803; baseline 0.005 -167"><span class='ocrx_word' id='word_1_206' title='bbox 462 2523 465 2534; x_wconf 29' lang='grc' dir='ltr'>Ι</span> <span class='ocrx_word' id='word_1_207' title='bbox 553 2563 692 2663; x_wconf 73' lang='lat' dir='ltr'><em>lignum</em></span> <span class='ocrx_word' id='word_1_208' title='bbox 716 2567 838 2640; x_wconf 91' lang='lat' dir='ltr'><em>Domni</em></span> <span class='ocrx_word' id='word_1_209' title='bbox 919 2372 1151 2803; x_wconf 53' lang='lat' dir='ltr'>N</span> <span class='ocrx_word' id='word_1_210' title='bbox 1230 2564 1422 2664; x_wconf 82' lang='lat' dir='ltr'><em>Berengarii</em></span> <span class='ocrx_word' id='word_1_211' title='bbox 1439 2563 1626 2664; x_wconf 73' lang='lat' dir='ltr'><em>sotvno‘ffimi</em></span> <span class='ocrx_word' id='word_1_212' title='bbox 1650 2568 1778 2666; x_wconf 81' lang='lat' dir='ltr'><em>Regis.</em></span> 
     </span>
    </p>
   </div>
   <div class='ocr_carea' id='block_1_4' title="bbox 324 2967 1923 3166">
    <p class='ocr_par' dir='ltr' id='par_1_4' title="bbox 324 2967 1923 3166">
     <span class='ocr_line' id='line_1_22' title="bbox 324 2967 1923 3163; baseline 0.005 -123"><span class='ocrx_word' id='word_1_213' title='bbox 324 2967 739 3163; x_wconf 52' lang='lat' dir='ltr'><em>sobanpepscenscellariuc</em></span> <span class='ocrx_word' id='word_1_214' title='bbox 763 2973 809 3043; x_wconf 87' lang='lat' dir='ltr'><em>ad</em></span> <span class='ocrx_word' id='word_1_215' title='bbox 833 2973 936 3044; x_wconf 82' lang='lat' dir='ltr'><em>vicem</em></span> <span class='ocrx_word' id='word_1_216' title='bbox 960 2972 1113 3068; x_wconf 55' lang='lat' dir='ltr'><em>ardingi</em></span> <span class='ocrx_word' id='word_1_217' title='bbox 1139 2973 1288 3070; x_wconf 85' lang='lat' dir='ltr'><em>Episcopi</em></span> <span class='ocrx_word' id='word_1_218' title='bbox 1314 2975 1359 3047; x_wconf 74' lang='lat'><em>&amp;¹</em></span> <span class='ocrx_word' id='word_1_219' title='bbox 1382 2973 1671 3054; x_wconf 71' lang='lat' dir='ltr'><em>Arabicaueellariu&#39;</em></span> <span class='ocrx_word' id='word_1_220' title='bbox 1695 2974 1923 3077; x_wconf 70' lang='lat' dir='ltr'><em>recognovi&amp;</em></span> 
     </span>
     <span class='ocr_line' id='line_1_23' title="bbox 457 3093 625 3166; baseline 0.012 -26"><span class='ocrx_word' id='word_1_221' title='bbox 457 3097 478 3140; x_wconf 90' lang='lat' dir='ltr'><em>u</em></span> <span class='ocrx_word' id='word_1_222' title='bbox 513 3093 578 3166; x_wconf 86' lang='lat' dir='ltr'><em>crrp</em></span> <span class='ocrx_word' id='word_1_223' title='bbox 592 3095 625 3142; x_wconf 90' lang='lat' dir='ltr'><em>t.</em></span> 
     </span>
    </p>
   </div>
   <div class='ocr_carea' id='block_1_5' title="bbox 1000 3260 1685 3385">
    <p class='ocr_par' dir='ltr' id='par_1_5' title="bbox 1000 3260 1685 3385">
     <span class='ocr_line' id='line_1_24' title="bbox 1000 3260 1685 3385; baseline -0.001 -34"><span class='ocrx_word' id='word_1_224' title='bbox 1000 3277 1120 3351; x_wconf 86' lang='lat' dir='ltr'><em>Locus</em></span> <span class='ocrx_word' id='word_1_225' title='bbox 1147 3271 1268 3385; x_wconf 68' lang='lat' dir='ltr'><em>sigini</em></span> <span class='ocrx_word' id='word_1_226' title='bbox 1293 3275 1338 3367; x_wconf 57' lang='grc' dir='ltr'><em>ἦ*</em></span> <span class='ocrx_word' id='word_1_227' title='bbox 1365 3272 1458 3350; x_wconf 90' lang='lat' dir='ltr'><em>cerei</em></span> <span class='ocrx_word' id='word_1_228' title='bbox 1485 3260 1685 3376; x_wconf 75' lang='lat' dir='ltr'><em>deperdiii.</em></span> 
     </span>
    </p>
   </div>
   <div class='ocr_carea' id='block_1_6' title="bbox 336 3463 1924 3677">
    <p class='ocr_par' dir='ltr' id='par_1_6' title="bbox 336 3463 1924 3677">
     <span class='ocr_line' id='line_1_25' title="bbox 336 3463 1924 3572; baseline 0 -18"><span class='ocrx_word' id='word_1_229' title='bbox 336 3480 430 3554; x_wconf 81' lang='lat' dir='ltr'><em>Dara</em></span> <span class='ocrx_word' id='word_1_230' title='bbox 455 3479 512 3550; x_wconf 76' lang='lat' dir='ltr'><em>W.</em></span> <span class='ocrx_word' id='word_1_231' title='bbox 539 3477 616 3548; x_wconf 86' lang='lat' dir='ltr'><em>ldut</em></span> <span class='ocrx_word' id='word_1_232' title='bbox 640 3477 810 3572; x_wconf 58' lang='lat' dir='ltr'><em>Augusti,</em></span> <span class='ocrx_word' id='word_1_233' title='bbox 836 3485 939 3552; x_wconf 74' lang='lat' dir='ltr'><em>Anno</em></span> <span class='ocrx_word' id='word_1_234' title='bbox 965 3463 1150 3552; x_wconf 85' lang='lat' dir='ltr'><em>Duuiuicae</em></span> <span class='ocrx_word' id='word_1_235' title='bbox 1175 3476 1924 3556; x_wconf 73' lang='lat' dir='ltr'><em>incarnacionisDccccx1!l.vomnivert</em></span> 
     </span>
     <span class='ocr_line' id='line_1_26' title="bbox 438 3579 1611 3677; baseline 0.002 -25"><span class='ocrx_word' id='word_1_236' title='bbox 438 3579 630 3676; x_wconf 84' lang='lat' dir='ltr'><em>Berengarii</em></span> <span class='ocrx_word' id='word_1_237' title='bbox 650 3580 784 3676; x_wconf 78' lang='lat' dir='ltr'><em>piiffimt&#39;</em></span> <span class='ocrx_word' id='word_1_238' title='bbox 809 3582 912 3677; x_wconf 87' lang='lat' dir='ltr'><em>Regis</em></span> <span class='ocrx_word' id='word_1_239' title='bbox 939 3588 1059 3656; x_wconf 84' lang='lat' dir='ltr'><em>XXVI.</em></span> <span class='ocrx_word' id='word_1_240' title='bbox 1085 3580 1263 3655; x_wconf 78' lang='lat' dir='ltr'><em>ludillioue</em></span> <span class='ocrx_word' id='word_1_241' title='bbox 1287 3580 1419 3656; x_wconf 88' lang='lat' dir='ltr'><em>Prima.</em></span> <span class='ocrx_word' id='word_1_242' title='bbox 1608 3617 1611 3626; x_wconf 65' lang='grc'><strong><em>’</em></strong></span> 
     </span>
    </p>
   </div>
   <div class='ocr_carea' id='block_1_7' title="bbox 336 3779 1303 3880">
    <p class='ocr_par' dir='ltr' id='par_1_7' title="bbox 336 3779 1303 3880">
     <span class='ocr_line' id='line_1_27' title="bbox 336 3779 1303 3880; baseline 0.003 -23"><span class='ocrx_word' id='word_1_243' title='bbox 336 3779 462 3857; x_wconf 66' lang='lat' dir='ltr'><em>Attum</em></span> <span class='ocrx_word' id='word_1_244' title='bbox 487 3782 610 3880; x_wconf 84' lang='lat' dir='ltr'><em>Papiae</em></span> <span class='ocrx_word' id='word_1_245' title='bbox 636 3783 672 3854; x_wconf 87' lang='lat' dir='ltr'><em>iu</em></span> <span class='ocrx_word' id='word_1_246' title='bbox 698 3783 821 3872; x_wconf 83' lang='lat' dir='ltr'><em>Chrisli</em></span> <span class='ocrx_word' id='word_1_247' title='bbox 846 3785 969 3856; x_wconf 84' lang='lat' dir='ltr'><em>nomine</em></span> <span class='ocrx_word' id='word_1_248' title='bbox 987 3785 1145 3877; x_wconf 74' lang='lat' dir='ltr'><em>selicitet.</em></span> <span class='ocrx_word' id='word_1_249' title='bbox 1171 3792 1303 3860; x_wconf 75' lang='lat' dir='ltr'><em>Arnen.</em></span> 
     </span>
    </p>
   </div>
   <div class='ocr_carea' id='block_1_8' title="bbox 283 3983 1922 5182">
    <p class='ocr_par' dir='ltr' id='par_1_8' title="bbox 283 3983 1922 5182">
     <span class='ocr_line' id='line_1_28' title="bbox 337 3983 1922 4092; baseline 0.002 -32"><span class='ocrx_word' id='word_1_250' title='bbox 337 3985 398 4060; x_wconf 77' lang='lat' dir='ltr'><em>Ad</em></span> <span class='ocrx_word' id='word_1_251' title='bbox 426 3986 560 4075; x_wconf 72' lang='lat' dir='ltr'><em>feuda,</em></span> <span class='ocrx_word' id='word_1_252' title='bbox 587 3983 656 4059; x_wconf 83' lang='lat' dir='ltr'><em>five</em></span> <span class='ocrx_word' id='word_1_253' title='bbox 684 3990 819 4078; x_wconf 84' lang='lat' dir='ltr'><em>Foeda,</em></span> <span class='ocrx_word' id='word_1_254' title='bbox 846 3987 940 4088; x_wconf 87' lang='lat' dir='ltr'><em>quod</em></span> <span class='ocrx_word' id='word_1_255' title='bbox 964 3987 1048 4064; x_wconf 80' lang='lat' dir='ltr'><em>atti·</em></span> <span class='ocrx_word' id='word_1_256' title='bbox 1088 3995 1121 4068; x_wconf 87' lang='lat' dir='ltr'>C</span> <span class='ocrx_word' id='word_1_257' title='bbox 1158 3987 1320 4088; x_wconf 89' lang='lat' dir='ltr'><em>illudque</em></span> <span class='ocrx_word' id='word_1_258' title='bbox 1345 3988 1548 4084; x_wconf 79' lang='lat' dir='ltr'><em>definiunt,</em></span> <span class='ocrx_word' id='word_1_259' title='bbox 1582 4017 1709 4090; x_wconf 87' lang='lat' dir='ltr'><em>nempe</em></span> <span class='ocrx_word' id='word_1_260' title='bbox 1735 4001 1806 4086; x_wconf 84' lang='lat' dir='ltr'><em>Jue</em></span> <span class='ocrx_word' id='word_1_261' title='bbox 1824 4017 1922 4092; x_wconf 73' lang='lat' dir='ltr'><em>prae.</em></span> 
     </span>
     <span class='ocr_line' id='line_1_29' title="bbox 285 4087 1921 4190; baseline 0.006 -29"><span class='ocrx_word' id='word_1_262' title='bbox 285 4103 369 4178; x_wconf 84' lang='lat' dir='ltr'><em>net,</em></span> <span class='ocrx_word' id='word_1_263' title='bbox 394 4087 565 4184; x_wconf 78' lang='lat' dir='ltr'><em>&#39;quoniam</em></span> <span class='ocrx_word' id='word_1_264' title='bbox 592 4087 636 4160; x_wconf 90' lang='lat' dir='ltr'><em>de</em></span> <span class='ocrx_word' id='word_1_265' title='bbox 662 4088 707 4164; x_wconf 85' lang='lat' dir='ltr'><em>iis</em></span> <span class='ocrx_word' id='word_1_266' title='bbox 734 4089 871 4190; x_wconf 77' lang='lat' dir='ltr'><em>integra</em></span> <span class='ocrx_word' id='word_1_267' title='bbox 893 4091 1048 4166; x_wconf 85' lang='lat' dir='ltr'><em>volumi·</em></span> <span class='ocrx_word' id='word_1_268' title='bbox 1157 4093 1211 4164; x_wconf 88' lang='lat' dir='ltr'><em>dio</em></span> <span class='ocrx_word' id='word_1_269' title='bbox 1235 4095 1338 4166; x_wconf 87' lang='lat' dir='ltr'><em>alieno</em></span> <span class='ocrx_word' id='word_1_270' title='bbox 1356 4093 1478 4190; x_wconf 88' lang='lat' dir='ltr'><em>semper</em></span> <span class='ocrx_word' id='word_1_271' title='bbox 1502 4097 1615 4166; x_wconf 83' lang='lat' dir='ltr'><em>utendi</em></span> <span class='ocrx_word' id='word_1_272' title='bbox 1639 4096 1684 4164; x_wconf 60' lang='grc' dir='ltr'><em>Θ</em></span> <span class='ocrx_word' id='word_1_273' title='bbox 1703 4095 1856 4186; x_wconf 81' lang='lat' dir='ltr'><em>sucendi,</em></span> <span class='ocrx_word' id='word_1_274' title='bbox 1882 4103 1921 4170; x_wconf 79' lang='lat' dir='ltr'><em>eb</em></span> 
     </span>
     <span class='ocr_line' id='line_1_30' title="bbox 286 4187 1919 4292; baseline 0.004 -28"><span class='ocrx_word' id='word_1_275' title='bbox 286 4214 330 4264; x_wconf 77' lang='lat' dir='ltr'><em>nc</em></span> <span class='ocrx_word' id='word_1_276' title='bbox 346 4187 385 4264; x_wconf 88' lang='lat' dir='ltr'><em>in</em></span> <span class='ocrx_word' id='word_1_277' title='bbox 403 4188 690 4288; x_wconf 88' lang='lat' dir='ltr'><em>Jurisperitorum</em></span> <span class='ocrx_word' id='word_1_278' title='bbox 719 4191 848 4284; x_wconf 86' lang='lat' dir='ltr'><em>pluteis</em></span> <span class='ocrx_word' id='word_1_279' title='bbox 873 4193 1046 4290; x_wconf 85' lang='lat' dir='ltr'><em>prostant,</em></span> <span class='ocrx_word' id='word_1_280' title='bbox 1157 4195 1270 4264; x_wconf 85' lang='lat' dir='ltr'><em>datum</em></span> <span class='ocrx_word' id='word_1_281' title='bbox 1294 4196 1382 4292; x_wconf 88' lang='lat' dir='ltr'><em>lege,</em></span> <span class='ocrx_word' id='word_1_282' title='bbox 1408 4214 1446 4268; x_wconf 90' lang='lat' dir='ltr'><em>ut</em></span> <span class='ocrx_word' id='word_1_283' title='bbox 1470 4195 1527 4291; x_wconf 71' lang='lat' dir='ltr'><em>qui</em></span> <span class='ocrx_word' id='word_1_284' title='bbox 1551 4195 1746 4288; x_wconf 83' lang='lat' dir='ltr'><em>Beneficium</em></span> <span class='ocrx_word' id='word_1_285' title='bbox 1781 4197 1833 4270; x_wconf 90' lang='lat' dir='ltr'><em>boc</em></span> <span class='ocrx_word' id='word_1_286' title='bbox 1866 4228 1919 4272; x_wconf 85' lang='lat' dir='ltr'><em>ac·</em></span> 
     </span>
     <span class='ocr_line' id='line_1_31' title="bbox 286 4291 1917 4396; baseline 0 -30"><span class='ocrx_word' id='word_1_287' title='bbox 286 4291 405 4388; x_wconf 78' lang='lat' dir='ltr'><em>paucis</em></span> <span class='ocrx_word' id='word_1_288' title='bbox 440 4317 514 4366; x_wconf 89' lang='lat' dir='ltr'><em>rem</em></span> <span class='ocrx_word' id='word_1_289' title='bbox 550 4292 756 4391; x_wconf 81' lang='lat' dir='ltr'><em>expediam.</em></span> <span class='ocrx_word' id='word_1_290' title='bbox 793 4295 910 4392; x_wconf 87' lang='lat' dir='ltr'><em>Hujus</em></span> <span class='ocrx_word' id='word_1_291' title='bbox 947 4297 1046 4394; x_wconf 77' lang='lat' dir='ltr'><em>vocis</em></span> <span class='ocrx_word' id='word_1_292' title='bbox 1155 4295 1257 4389; x_wconf 84' lang='lat' dir='ltr'><em>cepit,</em></span> <span class='ocrx_word' id='word_1_293' title='bbox 1283 4293 1446 4384; x_wconf 73' lang='lat' dir='ltr'><em>obslrillbu</em></span> <span class='ocrx_word' id='word_1_294' title='bbox 1463 4296 1514 4382; x_wconf 81' lang='lat' dir='ltr'><em>fit</em></span> <span class='ocrx_word' id='word_1_295' title='bbox 1537 4299 1582 4370; x_wconf 88' lang='lat' dir='ltr'><em>ad</em></span> <span class='ocrx_word' id='word_1_296' title='bbox 1606 4297 1757 4372; x_wconf 85' lang='lat' dir='ltr'><em>militiam</em></span> <span class='ocrx_word' id='word_1_297' title='bbox 1774 4319 1832 4396; x_wconf 91' lang='lat' dir='ltr'><em>pro</em></span> <span class='ocrx_word' id='word_1_298' title='bbox 1850 4306 1917 4372; x_wconf 87' lang='lat' dir='ltr'><em>Do.</em></span> 
     </span>
     <span class='ocr_line' id='line_1_32' title="bbox 284 4389 1916 4496; baseline 0.006 -32"><span class='ocrx_word' id='word_1_299' title='bbox 284 4389 434 4466; x_wconf 81' lang='lat' dir='ltr'><em>soctaffis</em></span> <span class='ocrx_word' id='word_1_300' title='bbox 474 4389 586 4468; x_wconf 83' lang='lat' dir='ltr'><em>adhuc</em></span> <span class='ocrx_word' id='word_1_301' title='bbox 624 4419 744 4492; x_wconf 84' lang='lat' dir='ltr'><em>parum</em></span> <span class='ocrx_word' id='word_1_302' title='bbox 782 4413 961 4496; x_wconf 80' lang='lat' dir='ltr'><em>compecto</em></span> <span class='ocrx_word' id='word_1_303' title='bbox 1000 4397 1047 4472; x_wconf 90' lang='lat' dir='ltr'><em>est</em></span> <span class='ocrx_word' id='word_1_304' title='bbox 1155 4395 1261 4486; x_wconf 89' lang='lat' dir='ltr'><em>mina,</em></span> <span class='ocrx_word' id='word_1_305' title='bbox 1296 4397 1352 4468; x_wconf 90' lang='lat' dir='ltr'><em>vel</em></span> <span class='ocrx_word' id='word_1_306' title='bbox 1385 4397 1514 4494; x_wconf 84' lang='lat' dir='ltr'><em>aliquid</em></span> <span class='ocrx_word' id='word_1_307' title='bbox 1526 4398 1703 4492; x_wconf 60' lang='lat' dir='ltr'><em>»servitium</em></span> <span class='ocrx_word' id='word_1_308' title='bbox 1735 4403 1819 4474; x_wconf 88' lang='lat' dir='ltr'><em>bona</em></span> <span class='ocrx_word' id='word_1_309' title='bbox 1845 4401 1916 4494; x_wconf 85' lang='lat' dir='ltr'><em>fide</em></span> 
     </span>
     <span class='ocr_line' id='line_1_33' title="bbox 284 4491 1918 4600; baseline 0.007 -32"><span class='ocrx_word' id='word_1_310' title='bbox 284 4491 408 4592; x_wconf 81' lang='lat' dir='ltr'><em>otigo.</em></span> <span class='ocrx_word' id='word_1_311' title='bbox 433 4492 517 4568; x_wconf 88' lang='lat' dir='ltr'><em>Alii</em></span> <span class='ocrx_word' id='word_1_312' title='bbox 543 4498 564 4568; x_wconf 68' lang='lat' dir='ltr'><em>b</em></span> <span class='ocrx_word' id='word_1_313' title='bbox 590 4499 747 4582; x_wconf 72' lang='lat' dir='ltr'><em>foedere,</em></span> <span class='ocrx_word' id='word_1_314' title='bbox 783 4497 847 4570; x_wconf 83' lang='lat' dir='ltr'><em>alii</em></span> <span class='ocrx_word' id='word_1_315' title='bbox 873 4501 894 4570; x_wconf 70' lang='lat' dir='ltr'><em>l</em></span> <span class='ocrx_word' id='word_1_316' title='bbox 920 4499 1046 4572; x_wconf 85' lang='lat' dir='ltr'><em>Fideli·</em></span> <span class='ocrx_word' id='word_1_317' title='bbox 1154 4497 1394 4593; x_wconf 78' lang='lat' dir='ltr'><em>praestandum.</em></span> <span class='ocrx_word' id='word_1_318' title='bbox 1415 4503 1539 4600; x_wconf 83' lang='lat' dir='ltr'><em>Nuper</em></span> <span class='ocrx_word' id='word_1_319' title='bbox 1555 4498 1665 4574; x_wconf 83' lang='lat' dir='ltr'><em>etiam</em></span> <span class='ocrx_word' id='word_1_320' title='bbox 1684 4500 1828 4578; x_wconf 76' lang='lat' dir='ltr'><em>Clariis.</em></span> <span class='ocrx_word' id='word_1_321' title='bbox 1849 4503 1918 4580; x_wconf 82' lang='lat' dir='ltr'><em>Vir</em></span> 
     </span>
     <span class='ocr_line' id='line_1_34' title="bbox 283 4596 1917 4704; baseline 0.007 -36"><span class='ocrx_word' id='word_1_322' title='bbox 283 4613 351 4670; x_wconf 88' lang='lat' dir='ltr'><em>tate</em></span> <span class='ocrx_word' id='word_1_323' title='bbox 386 4596 445 4670; x_wconf 89' lang='lat' dir='ltr'><em>vel</em></span> <span class='ocrx_word' id='word_1_324' title='bbox 480 4597 564 4669; x_wconf 84' lang='lat' dir='ltr'><em>Fide</em></span> <span class='ocrx_word' id='word_1_325' title='bbox 590 4597 654 4670; x_wconf 83' lang='lat' dir='ltr'><em>alii</em></span> <span class='ocrx_word' id='word_1_326' title='bbox 682 4598 701 4670; x_wconf 69' lang='grc' dir='ltr'>ὲ</span> <span class='ocrx_word' id='word_1_327' title='bbox 728 4599 950 4674; x_wconf 81' lang='lat' dir='ltr'><em>Germanicis</em></span> <span class='ocrx_word' id='word_1_328' title='bbox 986 4603 1044 4676; x_wconf 88' lang='lat' dir='ltr'><em>vel</em></span> <span class='ocrx_word' id='word_1_329' title='bbox 1157 4597 1325 4674; x_wconf 83' lang='lat' dir='ltr'><em>Macchio</em></span> <span class='ocrx_word' id='word_1_330' title='bbox 1350 4597 1471 4698; x_wconf 86' lang='lat' dir='ltr'><em>Scipio</em></span> <span class='ocrx_word' id='word_1_331' title='bbox 1505 4602 1693 4701; x_wconf 69' lang='lat' dir='ltr'><em>Mefitim,</em></span> <span class='ocrx_word' id='word_1_332' title='bbox 1730 4630 1840 4704; x_wconf 88' lang='lat' dir='ltr'><em>quum</em></span> <span class='ocrx_word' id='word_1_333' title='bbox 1875 4605 1917 4680; x_wconf 85' lang='lat' dir='ltr'><em>in</em></span> 
     </span>
     <span class='ocr_line' id='line_1_35' title="bbox 285 4695 1918 4801; baseline 0.005 -29"><span class='ocrx_word' id='word_1_334' title='bbox 285 4695 435 4772; x_wconf 78' lang='lat' dir='ltr'><em>Donicis</em></span> <span class='ocrx_word' id='word_1_335' title='bbox 461 4698 608 4801; x_wconf 80' lang='lat' dir='ltr'><em>vocibus</em></span> <span class='ocrx_word' id='word_1_336' title='bbox 632 4700 734 4772; x_wconf 87' lang='lat' dir='ltr'><em>illam</em></span> <span class='ocrx_word' id='word_1_337' title='bbox 754 4700 947 4777; x_wconf 83' lang='lat' dir='ltr'><em>deduxere.</em></span> <span class='ocrx_word' id='word_1_338' title='bbox 974 4706 1045 4777; x_wconf 85' lang='lat' dir='ltr'><em>Sel·</em></span> <span class='ocrx_word' id='word_1_339' title='bbox 1160 4703 1297 4799; x_wconf 80' lang='lat' dir='ltr'><em>Papyco</em></span> <span class='ocrx_word' id='word_1_340' title='bbox 1337 4701 1562 4778; x_wconf 79' lang='lat' dir='ltr'><em>vetustisfima</em></span> <span class='ocrx_word' id='word_1_341' title='bbox 1589 4703 1819 4800; x_wconf 86' lang='lat' dir='ltr'><em>&#39;venditionis</em></span> <span class='ocrx_word' id='word_1_342' title='bbox 1863 4705 1918 4780; x_wconf 82' lang='lat' dir='ltr'><em>oi·</em></span> 
     </span>
     <span class='ocr_line' id='line_1_36' title="bbox 284 4797 1918 4918; baseline 0.006 -46"><span class='ocrx_word' id='word_1_343' title='bbox 284 4797 415 4918; x_wconf 69' lang='lat' dir='ltr'><em>clepus,</em></span> <span class='ocrx_word' id='word_1_344' title='bbox 442 4801 690 4892; x_wconf 66' lang='lat' dir='ltr'><em>Cantemus,</em></span> <span class='ocrx_word' id='word_1_345' title='bbox 726 4800 893 4896; x_wconf 82' lang='lat' dir='ltr'><em>voffius,</em></span> <span class='ocrx_word' id='word_1_346' title='bbox 919 4806 954 4878; x_wconf 76' lang='grc' dir='ltr'><em>δε</em></span> <span class='ocrx_word' id='word_1_347' title='bbox 982 4804 1046 4880; x_wconf 84' lang='lat' dir='ltr'><em>alii</em></span> <span class='ocrx_word' id='word_1_348' title='bbox 1157 4800 1317 4878; x_wconf 80' lang='lat' dir='ltr'><em>fendiffet</em></span> <span class='ocrx_word' id='word_1_349' title='bbox 1336 4805 1395 4898; x_wconf 83' lang='lat' dir='ltr'><em>sen</em></span> <span class='ocrx_word' id='word_1_350' title='bbox 1430 4805 1539 4880; x_wconf 88' lang='lat' dir='ltr'><em>uncias</em></span> <span class='ocrx_word' id='word_1_351' title='bbox 1567 4805 1667 4898; x_wconf 89' lang='lat' dir='ltr'><em>suucli</em></span> <span class='ocrx_word' id='word_1_352' title='bbox 1703 4810 1789 4880; x_wconf 91' lang='lat' dir='ltr'><em>nulli</em></span> <span class='ocrx_word' id='word_1_353' title='bbox 1822 4827 1918 4882; x_wconf 83' lang='lat' dir='ltr'><em>antea</em></span> 
     </span>
     <span class='ocr_line' id='line_1_37' title="bbox 283 4900 1920 5182; baseline 0.004 -106"><span class='ocrx_word' id='word_1_354' title='bbox 283 4900 824 5104; x_wconf 61' lang='lat' dir='ltr'><em>extincturum</em></span> <span class='ocrx_word' id='word_1_355' title='bbox 829 4912 1047 5106; x_wconf 52' lang='lat' dir='ltr'><em>uluis</em></span> <span class='ocrx_word' id='word_1_356' title='bbox 1090 4905 1920 5182; x_wconf 49' lang='lat' dir='ltr'><em>⁰1iiiiii„iiiiii&#39;ss&#39;op&#39;i&#39;liilblnb‘ib</em></span> 
     </span>
    </p>

    <p class='ocr_par' dir='ltr' id='par_1_9' title="bbox 1773 5133 1870 5181">
     <span class='ocr_line' id='line_1_38' title="bbox 1773 5133 1870 5181; baseline 0.031 -3"><span class='ocrx_word' id='word_1_357' title='bbox 1773 5133 1831 5178; x_wconf 65' lang='lat' dir='ltr'><em>&#39;Uel&#39;</em></span> <span class='ocrx_word' id='word_1_358' title='bbox 1852 5135 1870 5181; x_wconf 70' lang='lat'>0</span> 
     </span>
    </p>
   </div>
   <div class='ocr_carea' id='block_1_9' title="bbox 0 0 2309 6068">
    <p class='ocr_par' dir='ltr' id='par_1_10' title="bbox 0 0 2309 6068">
     <span class='ocr_line' id='line_1_39' title="bbox 0 0 2309 6068; baseline 0 0"><span class='ocrx_word' id='word_1_359' title='bbox 0 0 2309 6068; x_wconf 95' lang='lat' dir='ltr'><em> </em></span> 
     </span>
    </p>
   </div>
  </div>
 </body>
</html>
