4594 6070
317 403 401 500 ar,
597 345 1087 480 orrsrnrnrro
1148 383 1560 482 urorcrrrns
1754 397 1843 510 '270

309 511 418 607 Quod
444 509 571 588 Ticini
599 514 730 588 sallum
755 513 878 602 vides,
903 513 942 586 id
962 535 1024 586 no·
1065 515 1098 586 A
1135 529 1194 591 tur
1228 511 1372 586 conradi
1404 513 1444 584 de
1472 517 1655 608 Ganzaga,
1691 510 1754 610 qui
1789 519 1900 588 Anno

260 612 365 690 ris'a
400 617 549 714 reliquis
586 633 659 688 tarn
701 613 875 688 Ecclesiae
916 617 1023 712 qulm

259 715 398 810 saeculi
443 717 673 790 Pramoribus,
700 716 858 790 factum.
898 719 1025 815 Neque

260 825 403 892 tantum
430 820 635 893 Senioribus
663 819 821 893 militare
839 817 1025 893 servitium

259 919 433 994 debebant
465 921 609 994 Valsalli
636 919 691 994 illi
719 921 880 1011 nobiles,
907 920 964 994 sed
990 921 1026 994 δι

262 1019 309 1096 iis
335 1021 464 1096 adllare
491 1043 596 1122 atque
621 1022 806 1098 adhaerere
823 1021 919 1096 slatis
938 1039 1025 1112 tem·

263 1125 407 1223 poribus
437 1123 581 1198 honoris
608 1123 747 1200 caused.
776 1128 882 1200 Nunc
909 1126 1026 1224 appel·

127 1241 132 1250 '
263 1225 378 1300 lamus
409 1226 481 1316 fare
514 1228 550 1299 la
575 1231 688 1302 Certe.
724 1231 772 1301 Et
807 1225 1027 1328 potissimum

1134 613 1276 690 tandem
1295 615 1616 689 mcccxxvut.
1636 616 1809 690 Mantuae
1837 615 1901 690 do·

1135 715 1372 790 minationem
1398 713 1647 816 arripucrunt,
1675 717 1715 788 de
1733 717 1904 792 Bilianel·

1135 821 1187 914 lo,
1212 822 1253 891 de
1278 817 1399 911 Baifh,
1425 819 1462 891 dc
1486 823 1527 890 de
1545 818 1671 891 Paluda
1691 817 1898 918 Regienses:

1136 923 1172 993 dt
1197 923 1237 992 de
1263 921 1480 1010 Norantala,
1516 921 1556 991 de
1583 919 1737 1011 Vinerla,
1773 923 1813 990 dr
1837 927 1904 994 Ca.

1131 1021 1198 1111 liro
1224 1027 1355 1112 Vetere,
1381 1025 1421 1094 de
1445 1022 1637 1113 Gemmala,
1670 1021 1712 1092 de
1745 1023 1905 1094 Savinia-

1139 1151 1179 1196 nr
1194 1125 1263 1197 &a
1276 1120 1518 1198 Mutinenses.
1533 1127 1652 1218 Quare
1667 1119 1783 1196 llatim
1798 1141 1905 1220 atque

1139 1225 1317 1302 Henricus
1332 1225 1427 1300 inter
1444 1228 1675 1326 Imperatores
1692 1228 1850 1318 Quartus
1866 1225 1905 1300 ln

264 1351 374 1426 quuru
402 1327 562 1404 Seniorm
604 1329 742 1406 Placita
777 1330 1028 1420 celebrabant,
1140 1328 1283 1404 Italiam
1310 1326 1479 1420 advenit,
1505 1345 1545 1402 ut
1572 1325 1803 1402 hereditatem
1829 1326 1905 1426 'eju-

261 1448 326 1504 aut
363 1429 407 1504 ad
451 1430 598 1532 Regiam
634 1434 768 1506 Aulam
810 1437 1029 1531 pergebant.
1068 1424 1097 1494 Β
1141 1430 1236 1506 Idem
1262 1429 1473 1506 comitissae
1499 1429 1692 1505 Mathildis
1715 1425 1907 1530 apprehen·

263 1531 524 1632 Antiquissima
559 1550 678 1606 tamen
706 1531 931 1606 ferrariense
964 1535 1029 1606 Po·

264 1632 343 1808 pculi
363 1637 523 1725 Statura,
543 1637 653 1708 Anno
672 1636 1029 1710 MCCLxxxvttt.

301 1733 417 1832 sipta,
444 1736 662 1825 decernunt,
697 1739 782 1834 qaod
808 1733 944 1830 Vaffalll
969 1763 1048 1806 non

263 1855 432 1908 teneantur
452 1838 553 1928 faeere
578 1839 711 1910 Cariam
731 1837 878 1911 Dominis
898 1837 969 1929 suis
995 1837 1029 1910 in

265 1937 419 2029 Pascbare
445 1939 490 2009 Φ
513 1939 723 2014 Nativitate.
760 1942 970 2014 Conventus
996 1965 1027 2012 e·

264 2039 341 2112 nim
360 2057 416 2114 tor
434 2038 619 2114 bominum
638 2041 680 2114 ad
699 2041 894 2116 Primatum
911 2047 1030 2116 Ferra-
1069 2067 1073 2076 ·

181 2131 191 2154 '
266 2138 430 2215 tlensium
457 2139 585 2232 aedes,
610 2142 748 2239 opizoni
773 2145 959 2216 Marabioni
983 2147 1031 2216 E·

263 2240 362 2330 flenfi
388 2241 442 2314 ibi
467 2242 692 2336 dominanti,
726 2243 878 2318 minime
904 2243 1032 2318 arride·

270 2341 352 2434 bat,
379 2342 580 2441 Seculisque
606 2343 694 2419 adeo
730 2345 941 2446 perturbatis
975 2373 1032 2464 pe·
1072 2349 1106 2422 C

268 2441 461 2518 ticulosum
481 2445 704 2540 censebatur.
724 2451 766 2520 In
787 2447 961 2546 plerisque
980 2473 1033 2520 tn·

265 2547 388 2640 alyne
423 2546 634 2620 Comitissae
669 2547 861 2622 Mathildis
898 2549 1034 2623 actibus

270 2645 441 2746 ejusmodi
468 2647 607 2722 nobiles
626 2647 734 2723 Vims
752 2647 896 2741 videas,
923 2647 1033 2724 Clrar·

270 2751 318 2822 tis
345 2745 617 2841 subscribentes,
644 2750 777 2850 quippe
801 2751 865 2850 qui
886 2767 927 2826 ut
948 2749 1034 2824 Vas·

272 2847 350 2922 salli
380 2849 566 2926 Dominae'
582 2851 661 2926 suae
695 2851 903 2951 obsequium
939 2878 1034 2954 prae·

268 2951 430 3026 llabaot.
466 2954 589 3050 Atque
622 2952 719 3026 inter
751 2980 813 3029 eos
838 2979 1035 3030 memoran-

1141 1533 1264 1626 deret,
1299 1557 1405 1632 quam
1443 1529 1506 1606 libi
1533 1531 1689 1606 debitam
1717 1530 1908 1606 contende·

1143 1637 1230 1727 bat,
1266 1631 1385 1734 segnes
1421 1633 1532 1708 iidem
1568 1633 1716 1708 ValIalli
1755 1631 1906 1708 minime

1142 1735 1239 1812 sucre
1273 1734 1313 1808 in
1348 1733 1471 1810 officio
1495 1759 1578 1836 erga
1614 1760 1749 1812 novum
1785 1733 1909 1812 Senio.

1145 1863 1240 1913 rent.
1267 1841 1350 1912 Hoc
1367 1835 1478 1912 disces
1497 1839 1516 1912 l
1535 1834 1692 1928 Charta,
1711 1861 1819 1938 quam
1839 1835 1908 1912 mi·

1146 1940 1185 2014 hi
1221 1938 1461 2038 suppeditavit
1498 1939 1634 2014 celebre
1668 1942 1908 2014 Mantuanunt

1148 2039 1420 2116 Padolironense
1463 2038 1743 2134 Monallerium,
1783 2039 1909 2142 utique

1146 2145 1242 2218 carl:
1272 2143 1404 2243 quippe
1430 2141 1607 2218 Henricus
1632 2143 1751 2236 idem,
1778 2151 1851 2218 nori
1871 2169 1912 2217 u·

1148 2245 1178 2320 ti
1206 2249 1428 2345 Imperator,
1456 2243 1511 2320 sed
1539 2245 1593 2318 uti
1621 2244 1765 2344 persona
1792 2245 1911 2341 priva·

1148 2363 1208 2438 ta,
1244 2363 1349 2445 atque
1375 2345 1473 2420 heres
1499 2344 1652 2445 ejusdem
1687 2346 1909 2439 mathildis,

1149 2449 1264 2522 multa
1282 2447 1507 2546 praelaudato
1531 2444 1718 2522 Cuenobio
1738 2446 1911 2549 largitur,

1149 2567 1251 2624 utens
1278 2567 1461 2648 propterca
1491 2546 1654 2623 sormulis
1690 2547 1910 2650 privatarum

1149 2649 1408 2726 donationum.
1433 2648 1550 2724 Teslis
1575 2647 1685 2724 etiam
1711 2649 1782 2726 erit
1798 2651 1914 2726 Char·

1148 2767 1186 2826 ta
1213 2751 1320 2840 haee,
1347 2749 1543 2826 Henricum
1572 2749 1687 2852 ipsum
1714 2753 1911 2854 Augustum

1149 2855 1260 3031 pqpo
1286 2855 1466 2930 mcxvi
1491 2851 1679 2964 regreffum
1704 2852 1745 2930 in
1769 2855 1912 2934 Italiam

1166 2982 1201 3030 ιιι
1231 2981 1276 3030 e.
1628 3005 1630 3010 ·

334 3173 531 3264 Henricus
562 3183 653 3266 Rex
684 3181 736 3264 V.
769 3183 989 3294 Imperator
1020 3185 1093 3265 tv.
1128 3178 1371 3268 Monallerio
1401 3179 1688 3272 Padolironenfi
1720 3186 1853 3277 Sanbli

424 3295 647 3410 berelliis,
679 3299 716 3382 tr
750 3295 944 3396 Ecclesiae
974 3297 1107 3386 Sansll
1139 3297 1342 3386 Beoedibll
1371 3297 1420 3383 de
1450 3303 1646 3416 Gunzaga
1675 3329 1776 3390 ouu-

709 3415 836 3504 uullas
867 3441 986 3503 terras
1016 3417 1159 3528 donat,
1190 3422 1314 3504 Auno
1350 3429 1475 3504 1116.

383 3663 457 3734 Nnr
482 3660 524 3734 ab
549 3657 770 3734 sarmaticae
794 3658 928 3732 Domini
953 3659 1039 3732 Mil·
1064 3663 1113 3780 ΙΙ)

258 3759 260 3762 ’
400 3760 504 3846 lelimo
522 3760 694 3844 Centesimo
710 3762 940 3851 sextodecimo,
963 3763 1039 3832 dua.

278 3866 395 3936 decimo
418 3863 471 3932 die
498 3863 693 3959 ingrediente
711 3863 824 3954 Mense
844 3863 938 3954 Maji
949 3917 959 3952 ,
986 3867 1038 3934 In·

278 3963 418 4038 rlislr‘ane
456 3965 516 4034 IX.
555 3963 672 4034 sanila
714 3965 908 4050 Monaslerio
942 3962 1042 4057 justa

175 4093 181 4106 “
278 4067 417 4140 Latione
456 4063 490 4133 r'n
530 4065 672 4134 bonorem
712 4065 827 4140 Sansli
871 4065 1042 4136 Benedisli

279 4168 469 4256 consecrata,
504 4167 554 4236 cui
589 4169 722 4238 Uberru's
747 4167 840 4238 Prior
864 4163 965 4261 adeffe
989 4167 1040 4238 ui·

163 4281 167 4288 '
279 4271 391 4358 daur,
419 4293 474 4362 ego
500 4267 625 4364 quidem
653 4267 687 4338 in
713 4269 778 4339 Dei
801 4269 925 4338 nemine
943 4271 1041 4342 Hen-

189 4445 194 4458 ,
279 4372 373 4446 ricus
399 4371 556 4464 Quartus
584 4370 648 4440 Dei
665 4371 778 4463 gratia
800 4373 1040 4444 Romanorum

279 4477 475 4568 Imperator
511 4469 712 4570 Augustus,
753 4476 831 4542 dano
868 4473 913 4542 θ
945 4473 1041 4568 offero

1141 3659 1258 3748 strada
1291 3657 1332 3730 ale
1366 3655 1501 3749 Murio,
1530 3653 1615 3742 ficut
1647 3659 1783 3732 vadunt.
1809 3655 1914 3760 campi

1149 3764 1190 3832 de
1221 3767 1387 3857 sergeant
1422 3759 1467 3830 (V
1499 3785 1670 3856 argenem,
1698 3759 1783 3848 sicut
1815 3764 1914 3836 vadit
2028 3771 2032 3780 '

1134 3863 1301 3960 Regisa,
1327 3859 1498 3958 quaeerit
1531 3867 1571 3934 de
1605 3863 1756 3956 solante,
1793 3866 1837 3934 Θ·
1862 3865 1914 3938 in·

1150 3987 1218 4036 trat
1244 3963 1279 4036 r'n
1305 3962 1492 4054 Petrosam,
1530 3963 1574 4034 U·
1600 3963 1703 4058 intrat
1728 3965 1763 4038 in
1791 3967 1916 4040 Vallem

1151 4065 1354 4158 Pmdiasam,
1374 4065 1418 4134 67
1437 4063 1539 4134 intrat
1559 4064 1593 4134 in
1616 4066 1738 4136 Vallem
1753 4067 1915 4160 Rataldr',

1151 4167 1197 4238 (V
1222 4167 1326 4238 intrat
1363 4165 1398 4235 r'n
1437 4165 1558 4236 Vallem
1583 4167 1774 4260 sanabria,
1801 4169 1846 4240 Θ·
1864 4167 1917 4240 in·

1151 4287 1221 4341 trat
1247 4267 1281 4338 in
1307 4267 1458 4340 Rirnam
1483 4268 1523 4337 de
1548 4265 1622 4338 nido
1645 4268 1739 4366 aqrrit
1754 4321 1845 4343 .....
1870 4269 1916 4341 Ο·

1110 4399 1113 4406 ·
1149 4373 1173 4442 ὸ
1200 4367 1321 4456 Rifina
1346 4369 1382 4438 in
1417 4367 1575 4440 Riolum.
1607 4365 1658 4442 'Ur
1685 4367 1915 4464 jan'drtlum

1150 4469 1381 4560 Mrnqlleriam
1404 4470 1448 4540 ab
1472 4469 1530 4540 bac
1553 4469 1607 4541 die
1632 4469 1667 4541 in
1691 4493 1788 4544 antea
1807 4471 1913 4570 faeiat

278 4575 378 4645 rident
403 4569 597 4658 Monalierro
630 4577 675 4644 ad
708 4569 778 4663 ejas
806 4571 865 4666 jus
900 4574 946 4644 <9⁶
966 4595 1039 4670 pra·
1083 4568 1111 4638 E
1147 4572 1357 4670 proprietarii¹
1380 4569 1456 4666 jura
1491 4571 1526 4642 in
1553 4571 1640 4664 usam
1677 4573 1721 4643 U·
1748 4573 1911 4670 sumptum

276 4675 469 4774 prietatem,
489 4673 610 4765 seilicet
634 4679 660 4745 S
661 4674 732 4744 ilva
759 4699 846 4766 nna,
881 4699 961 4772 qnae
986 4701 1038 4746 no·

1153 4675 1405 4766 Monacbtrm
1431 4672 1496 4770 qrri'
1514 4673 1550 4744 in
1573 4681 1679 4745 eadem
1698 4675 1838 4762 Ecclesia
1855 4675 1916 4746 mi·

277 4776 420 4850 minatur
443 4775 482 4844 de
507 4775 690 4866 Salamine,
710 4777 754 4847 Θ
770 4802 838 4848 una
852 4797 945 4872 parte
963 4775 1039 4869 jun·
1118 4815 1119 4818 ¹
1150 4776 1281 4849 litaturi
1300 4775 1371 4862 lint
1404 4777 1499 4871 usqae
1525 4775 1560 4846 in
1583 4795 1792 4872 perperaum,
1826 4776 1914 4874 qnie-

279 4901 314 4953 ra
339 4903 429 4967 eam,
454 4901 535 4972 quae
559 4876 678 4968 dieitur
699 4878 800 4950 Siloa
824 4881 863 4949 de
883 4883 1038 4974 Carpere·
1151 4877 1231 4974 quid
1254 4879 1414 4968 voluens,
1442 4874 1515 4962 fine
1547 4875 1634 4946 amni
1666 4903 1736 4950 mea
1760 4877 1807 4948 θ’.
1827 4877 1913 4948 bert·

279 5001 344 5072 ta,
372 4977 517 5075 finesque
537 4977 656 5069 scilicet
691 4979 767 5050 eid
801 5005 893 5050 mane
926 4977 1041 5051 Sanllr'
1150 4982 1226 5050 darm
1252 5004 1386 5050 mearum
1410 4977 1671 5050 contradislione.
1697 4977 1854 5074 Quisquis
1876 4976 1913 5048 r'n

268 5079 470 5176 -Ben'edilli,
495 5081 538 5151 ab
562 5080 641 5152 aliis
662 5080 818 5154 lateribus
833 5079 917 5165 lieret
940 5081 1040 5155 uadit
1118 5047 1127 5150 l
1144 5077 1269 5172 fandis
1292 5105 1330 5152 ae
1353 5077 1591 5153 uenerabilibus
1615 5077 1707 5150 Locis
1731 5077 1772 5246 iq
1786 5073 1913 5252 jrrq'qa·

383 5191 474 5258 Tam.
501 5185 546 5256 Is.
861 5255 865 5263 ,
907 5225 909 5230 -
1260 5183 1284 5266 S
1775 5176 1843 5274 lqu‘
