4540 6062
475 285 582 463 535.
769 351 1180 474 anesovm.
1229 357 1465 448 neom
1511 357 1693 450 neus
1900 343 2032 478 596*

361 565 363 574 Ι
465 465 1172 574 Illaffariolicppellanturpraediolu,eo·
1213 485 1246 556 A
1280 479 1404 572 densem
1442 478 1716 575 (animadverte
1755 473 1909 554 cardam
1949 485 2045 557 olim

414 591 564 667 cumque
590 575 727 647 mentio
750 571 797 648 ell
830 575 869 648 in
895 577 977 652 aliis
1003 579 1174 674 Berenga·
1283 579 1511 671 Civitatem,
1546 581 1637 656 uncle
1674 580 1784 683 polles
1817 607 1945 654 nomen
1973 587 2046 658 La-

413 667 462 742 rii
488 669 593 769 ipfivs
620 671 783 748 Chattis.
811 675 954 752 Viderit
980 677 1113 754 Lector
1136 707 1174 754 u·
1285 681 1342 754 cui
1370 684 1508 756 Benaco
1534 681 1561 752 il
1584 690 1675 780 Lago
1699 683 1737 755 di
1761 685 1901 781 Gurdo)
1931 684 2047 775 subrue

414 783 580 886 stumque
601 771 770 874 Diploma
787 776 914 858 Acium
932 781 1064 854 Tulles.
1090 785 1175 876 Quo
1284 789 1394 868 Castro
1416 783 1621 878 pertinentem
1645 795 1687 854 de
1712 791 1832 872 Corte,
1858 811 1938 880 quae
1961 785 2044 856 drei-

415 893 455 944 ιη
491 874 572 946 loco
608 871 699 948 locet
735 875 820 950 haec
847 880 946 954 Villa
981 879 1051 956 five
1086 887 1174 956 Cur·
1284 905 1338 955 tur
1362 886 1496 976 Tulles,
1531 912 1645 956 necnon
1680 887 1721 956 de
1747 883 1913 966 Veronenfi
1937 885 2044 958 Comi.

415 971 486 1068 tis,
514 971 536 1044 fi
563 975 643 1072 quis
670 974 808 1052 iortall'e
835 981 959 1056 rescire
985 983 1106 1082 cupi't,
1134 1011 1176 1058 ne
1285 1007 1379 1057 tates.
1423 984 1537 1071 Ipsum
1575 987 1745 1084 Diploma
1781 982 1939 1082 descripfi
1978 1012 2043 1084 ego

415 1075 566 1150 Tullum
601 1077 741 1154 Galliae
778 1083 942 1182 Belgicae
976 1084 1177 1159 Civitatem
1286 1113 1329 1160 ex
1357 1085 1575 1186 archetypo,
1611 1087 1779 1162 exiliente
1806 1087 1845 1158 in
1871 1083 2045 1160 nobiliffi·

416 1173 459 1248 sd
487 1175 677 1251 Mosellam
707 1179 857 1255 fluvium
886 1183 983 1258 fitam
1012 1183 1090 1259 heic
1119 1215 1175 1262 ex·
1285 1213 1345 1260 mo
1373 1185 1561 1260 Veronensl
1594 1185 1808 1262 Monallerio
1835 1183 1953 1260 saneti
1980 1189 2045 1260 Ze·

416 1277 580 1452 {igneis
618 1280 867 1457 ledlpop‚erit,
903 1286 941 1359 in
969 1289 1177 1408 altero-eju·
1206 1387 1250 1458 'B
1286 1289 1543 1463 ponis,stctque
1570 1287 1649 1363 heic
1676 1313 1848 1390 apponere
1876 1285 1967 1362 mihi
1993 1287 2046 1362 vi·

456 1405 512 1451 em
574 1406 592 1452 e
632 1411 648 1456 s
714 1411 723 1456 ι
1168 1433 1178 1450 ·
1449 1443 1459 1464 .

416 1480 521 1553 sulam
547 1407 748 1578 adiicenterii
765 1405 1214 1578 nibisiiaegiiviibiiiiiliibi·l
1257 1468 1264 1584 l
1301 1416 1359 1464 um
1387 1417 1404 1463 e

415 1731 640 1851 Bettogsrii
672 1743 703 1824 1.
735 1737 857 1854 Regis
887 1739 1100 1856 Diploma,
1142 1771 1223 1858 quo
1253 1741 1460 1830 nonnullas
1491 1766 1609 1832 terres
1650 1717 1781 1834 donst
1802 1741 2042 1834 Monallerio

771 1861 904 1948 Sancti
935 1865 1108 1952 Zenonis
1139 1865 1393 1988 Veronensis,
1437 1868 1560 1950 Anno
1589 1895 1691 1976 904.

415 2083 504 2268 IN
527 2087 649 2159 nomine
674 2093 894 2190 omnipotentis
929 2097 993 2172 Dei
1026 2097 1177 2188 aeterni,
1287 2095 1450 2180 atlecleliae
1482 2095 1622 2170 Sanciae
1656 2096 1788 2168 Mariae
1818 2123 1855 2168 ac
1891 2096 2044 2170 Gnidonis

489 2193 703 2286 Berengarins
737 2197 859 2266 divinb
893 2198 1022 2282 favente
1047 2202 1175 2271 clemen·
1288 2197 1479 2271 Presbiteri.
1507 2203 1546 2271 ln
1568 2195 1702 2286 seeundo
1728 2197 1829 2294 igitur
1850 2199 1912 2269 loro
1930 2197 2044 2270 ibidem

415 2287 467 2358 tid
493 2297 584 2362 Rerr.
620 2294 660 2364 Si
685 2296 833 2381 Eccleliis
859 2301 950 2386 Dei,
985 2301 1175 2374 venerabili·
1288 2299 1402 2372 terrola
1436 2321 1515 2394 quae
1540 2301 1634 2372 babet
1664 2321 1721 2397 per
1754 2301 1881 2395 longum
1914 2299 2046 2394 perticas

419 2385 534 2486 busque
560 2392 634 2464 locis
659 2420 860 2492 augmentum
895 2401 1014 2490 nolitne
1049 2403 1177 2496 mrruifi-
1216 2399 1249 2474 C
1291 2407 1329 2474 V.
1356 2401 1481 2474 additis
1512 2403 1645 2498 pedibus
1673 2406 1729 2472 ut.
1765 2404 1825 2485 Est
1859 2401 1987 2496 quidem,
2009 2399 2043 2472 in

416 2491 535 2565 seutiae
562 2493 717 2592 impertiri
737 2501 938 2598 satagimus,
960 2503 1099 2601 prosez‘io
1125 2531 1178 2574 nos
1289 2501 1463 2575 latitudine
1487 2502 1621 2600 perticas
1654 2505 1715 2572 ΙΠ.
1743 2503 1924 2570 adherentes
1948 2529 1986 2572 err
2011 2527 2048 2572 u·

417 2613 562 2668 aeternat
587 2599 797 2672 beatitudinis
818 2607 944 2696 gaudia
969 2604 1060 2676 nobis
1081 2605 1175 2698 profi·
1290 2630 1330 2673 no
1354 2605 1452 2672 latere
1475 2603 1535 2670 via
1556 2600 1705 2694 publica,
1732 2601 1853 2669 en‘alio
1870 2619 1954 2672 terra
1973 2603 2048 2672 item

416 2719 479 2764 sere
500 2723 559 2766 non
581 2699 788 2795 ambigimus.
816 2710 1015 2799 Quapropter
1040 2707 1177 2772 omnium
1286 2699 1436 2794 publica,
1462 2726 1500 2766 eu
1524 2697 1721 2782 transversus
1740 2694 1820 2788 jura
1844 2703 1881 2767 S.
1906 2703 2047 2770 Zenonis

411 2792 564 2885 fidelium
590 2799 728 2870 Sandiae
754 2802 819 2870 Dei
854 2801 1029 2886 Ecclesiae,
1065 2805 1175 2886 nostro·
1290 2825 1326 2871 at
1350 2797 1521 2894 sigoaldi.
1560 2801 1637 2868 Item
1664 2796 1697 2866 in
1724 2795 1816 2866 tertio
1841 2796 1903 2866 loco
1929 2797 2046 2870 ibidem

415 2918 544 2988 rumque
567 2896 757 2990 presentium
786 2899 907 2991 scilicet
934 2929 970 2973 ac
999 2901 1178 2992 futurorum
1290 2900 1405 2971 terrola
1449 2899 1613 2968 habentem
1650 2919 1707 2992 per
1745 2899 1872 2992 longum
1913 2897 2048 2992 perticas

418 3013 543 3064 noverit
581 2995 808 3090 universitas,
850 2999 1059 3076 Anselmum
1104 3001 1172 3086 insi·
1287 2999 1363 3092 sen,
1391 2997 1424 3068 in
1451 2998 1623 3070 latitudine
1654 2997 1807 3093 perticam
1833 3011 1929 3068 unam
1954 2999 2049 3070 addi.

413 3119 509 3192 gntm
535 3091 775 3192 &gloriosum
802 3101 1011 3190 Comitem,
1038 3100 1174 3194 dilectit

411 3195 587 3294 fimumque
613 3196 767 3272 nollru'm
794 3203 1086 3296 Cancellarium,
1121 3205 1178 3276 bu·

1293 3103 1336 3172 tis
1369 3097 1504 3196 pedibus
1529 3105 1570 3174 X.
1597 3127 1634 3169 ee
1668 3125 1729 3169 uno
1762 3095 1860 3168 latere
1894 3095 1975 3184 vio,
2010 3128 2048 3171 en

1292 3203 1357 3276 alio
1395 3221 1479 3272 terra
1512 3197 1641 3294 publica
1676 3198 1853 3292 episteme,
1888 3227 1926 3268 en
1959 3225 2049 3272 tran.

417 3296 538 3369 militen
556 3297 689 3386 nostram
708 3299 838 3397 exoraffe
858 3305 1075 3397 clementiam,
1102 3331 1175 3402 qna.
1220 3303 1250 3372 D
1287 3302 1414 3394 sversus
1440 3301 1598 3378 Autlterii
1623 3298 1843 3388 Subdiaconi,
1878 3321 1971 3396 atque
1993 3299 2049 3392 ju·

416 3419 508 3472 tenus
530 3425 587 3498 pro
613 3406 677 3474 Dei
704 3405 926 3500 omnipotentis
950 3433 1081 3498 amore,
1107 3407 1178 3480 nni·

417 3527 543 3599 maeque
569 3501 688 3590 nossrae
714 3506 847 3577 remedio
883 3507 1074 3596 Monalierii
1109 3512 1177 3580 bea·

416 3604 527 3696 tifflrni
562 3605 741 3702 egregiique
775 3607 942 3700 Pontificis
978 3631 1072 3705 atque
1098 3615 1177 3680 Con·

413 3703 537 3799 sefforis
572 3705 694 3793 Cbrilii
709 3737 712 3746 ¹
726 3713 866 3780 Zenonis
901 3712 1046 3784 terrolam
1081 3739 1179 3808 quan-

420 3809 496 3878 dam
521 3804 716 3900 adjacentem
752 3809 839 3898 insta
867 3810 1065 3886 Civitatem
1094 3817 1178 3884 Gar·

422 3905 559 3981 densem
582 3907 695 3996 subtus
714 3909 823 3996 Casino
849 3911 883 3982 in
910 3912 1011 3984 tribus
1036 3913 1111 3984 loeis
1127 3937 1178 4008 po·

416 4008 536 4100 situm,
562 4011 768 4104 pertinentem
793 4011 836 4086 tle
862 4017 994 4105 Corte,
1021 4041 1109 4109 quae
1129 4011 1180 4086 di·

418 4109 512 4186 citur
549 4111 712 4204 Tulles,
755 4141 808 4186 nec
847 4143 907 4188 non
942 4120 982 4190 de
1018 4112 1183 4198 Veronensi

1294 3432 1330 3478 va
1356 3406 1458 3502 Regis
1472 3431 1493 3492 ;
1522 3403 1617 3500 super
1650 3421 1749 3472 totum
1784 3427 1908 3472 numero
1941 3405 2048 3474 tabule

1295 3512 1400 3578 XXX.
1430 3505 1598 3578 Addimus
1632 3503 1728 3577 etiam
1763 3501 1863 3572 eidem
1888 3501 2049 3586 osectefiae

1293 3627 1392 3676 totum
1420 3605 1610 3702 superiorem
1637 3607 1781 3674 Montern
1807 3604 1957 3690 Gardae,
1992 3603 2049 3698 qui

1288 3709 1444 3806 preminet
1476 3701 1659 3804 praedic‘iae
1693 3703 1837 3775 Civitati
1871 3703 2048 3795 Gardenfi,

1293 3837 1360 3882 cum
1385 3809 1464 3881 aliis
1489 3807 1645 3878 montibus
1669 3804 1730 3886 fibi
1752 3803 1972 3901 adjacentibus
1993 3831 2050 3874 no.

1285 3911 1351 4000 stro
1386 3909 1456 4004 juri
1493 3907 1760 4002 pertinentibus:
1795 3907 1839 3975 &¹
1872 3925 1973 3979 terras
2006 3905 2049 3978 ad

1293 4013 1427 4086 radicem
1454 4009 1581 4082 Montis
1605 4005 1647 4080 ob
1668 4007 1819 4096 Oriente,
1850 4031 1909 4102 que
1931 4004 2049 4103 positae

1287 4115 1365 4206 sunt
1390 4113 1483 4209 juxta
1503 4111 1599 4183 'viam
1622 4109 1813 4204 pertinentes
1838 4111 1877 4178 de
1902 4105 1972 4197 jam
1997 4109 2050 4180 di.

421 4215 605 4306 Comitatu,
643 4217 798 4288 concedere
828 4239 887 4314 per
921 4217 1016 4307 noflri
1040 4217 1184 4314 Precepti
1222 4219 1249 4290 E
1292 4214 1346 4290 cta
1370 4221 1463 4286 Corte
1498 4213 1531 4283 in
1565 4213 1721 4306 integrum
1747 4234 1814 4278 cum
1839 4208 1982 4280 omnibus
2005 4211 2052 4282 ad

418 4317 575 4410 paginam
600 4315 823 4411 dignaremur.
853 4319 957 4414 Cujus
982 4342 1086 4393 ratam
1112 4319 1180 4406 elii·

422 4437 544 4485 mantes
577 4417 757 4510 peticionem
790 4419 935 4514 juffimus
969 4423 1022 4494 boc
1049 4421 1182 4506 nostrum

413 4513 493 4609 fieri
518 4523 727 4611 Preceptum,
760 4541 816 4613 per
850 4527 932 4616 quod
960 4522 1033 4616 jam
1057 4519 1180 4592 uittam

417 4638 560 4708 terram,
603 4617 637 4689 in
669 4616 772 4714 primo
806 4622 957 4695 videlicet
991 4624 1054 4693 loro
1086 4621 1179 4719 prop'e

417 4719 521 4820 ripam
555 4723 637 4796 Laci
670 4719 791 4794 Benaci
829 4745 886 4820 per
919 4725 1047 4822 longum
1078 4724 1178 4820 perti.

415 4823 467 4900 ios
480 4883 597 4906 ......
596 4827 601 4832 ’
622 4823 708 4899 ditis
730 4825 865 4920 pedibus
885 4825 967 4914 serr,
1005 4849 1084 4924 qnae
1105 4847 1177 4922 pre·

415 4931 560 5004 tenditur
586 4935 689 5006 latum
721 4931 816 5023 pedes
842 4932 918 5002 ΧΠ.
945 4955 983 4999 ex
1011 4953 1072 5000 uno
1106 4929 1176 5025 qui-

416 5031 487 5102 dem
514 5035 612 5108 latere
636 5033 697 5106 via
730 5035 884 5128 publica,
920 5059 957 5102 en
981 5031 1048 5104 alio
1073 5021 1177 5127 ripam

1286 4315 1322 4408 se
1353 4313 1583 4412 pertinentibus
1609 4310 1825 4400 concedimus,
1860 4311 1905 4380 Θ·
1928 4312 1969 4382 de
1994 4337 2050 4381 no.

1287 4417 1351 4504 liro
1379 4416 1454 4512 jure
1479 4415 1675 4509 dominioque
1701 4411 1734 4483 in
1768 4409 1838 4505 ejus
1868 4409 1924 4505 p‘us
1948 4411 2049 4483 domi.

1292 4529 1439 4616 ninmque
1473 4514 1751 4606 transfundimus,
1792 4510 1840 4592 ἔν’
1869 4510 1944 4604 jure
1974 4535 2048 4610 pro·

1289 4621 1440 4715 prietario
1464 4618 1620 4713 largimur
1644 4617 1689 4688 ad
1714 4614 1916 4706 babendum,
1942 4633 2050 4685 tenen.

1291 4729 1398 4810 dnm,
1435 4719 1676 4818 poffidendnm,
1711 4717 1954 4806 ordinandum,
1992 4717 2049 4787 oei

1293 4821 1442 4920 quicquid
1466 4818 1605 4891 voluerit
1625 4817 1827 4909 faciendum,
1855 4815 1957 4904 nostra
1982 4825 2049 4888 Re.

1289 4925 1350 5020 gia
1377 4921 1593 5012 aridissime,
1628 4917 1743 5016 absque
1777 4915 1914 5008 aiicujus
1947 4917 2049 4990 homi.

1292 5025 1345 5098 nis
1383 5019 1629 5099 contradictione
1662 5021 1717 5094 vei
1752 5018 1987 5106 minoratione„
2007 5017 2049 5089 sr'

413 5125 484 5228 jam
517 5133 602 5210 uitta·
636 5135 747 5226 Luci,
787 5164 825 5208 en
864 5133 1060 5230 transuersus
1096 5111 1207 5228 jural
1291 5125 1515 5240 quiskigitur,
1541 5129 1622 5224 qnod
1648 5149 1708 5197 non
1734 5123 1885 5197 credrmus
1910 5115 1984 5201 &c
