4550 6072
307 443 390 535 tn
632 409 1005 509 utrarurnrro
1043 337 1503 513 rrrrranrr'run
1738 437 1829 538 „2

251 561 450 637 coopertura.
486 537 607 616 Habet
642 538 752 614 etiam
788 535 922 612 Charta
948 559 1012 608 nu·
1035 549 1086 621 tA
1123 540 1181 609 dus
1206 533 1379 630 maffaricio
1414 534 1536 608 nomine
1570 535 1779 616 excolendas
1816 559 1887 622 tro-¹

251 665 314 741 per
328 639 502 741 'produila
518 645 601 714 Lino
615 667 733 714 manna
750 640 884 738 quinta.
905 639 1012 714 Nunc
1097 669 1099 678 ’
1121 637 1178 711 dit
1201 639 1366 712 nonullos
1389 635 1602 712 Mutinenfis
1622 641 1796 720 Ecclefiae
1815 666 1886 724 ter.

250 745 407 817 Matella
426 743 473 818 est
498 743 537 819 in
563 741 721 818 sermone
740 739 879 832 nostro,
907 755 1012 836 atque
1123 766 1203 814 ras.
1245 743 1299 812 Ita
1334 739 1374 812 in
1409 738 1491 814 aliis
1526 737 1671 814 Chartis
1707 746 1798 844 apud
1835 757 1886 836 Ua

251 841 348 918 idem
368 843 414 921 est
431 865 537 944 atque
563 845 758 942 Manipulus
775 840 1012 919 Latinorum.
1123 840 1296 942 ghelliutn
1323 856 1513 916 occurrunt
1539 839 1693 942 Maffarii
1718 849 1762 917 (θ’
1786 853 1888 946 caloni

253 949 367 1020 Vetus
395 949 568 1048 interpres
603 945 784 1037 Juvenalis
807 941 1014 1040 manipulos,
1123 943 1258 1017 Liberi.
1296 945 1419 1043 Atque
1458 942 1497 1016 in
1533 941 1666 1017 Charta
1703 951 1882 1030 Coenobii

253 1051 403 1122 Mannas
436 1049 524 1139 foeni
557 1049 807 1146 interpretatur.
847 1043 1015 1118 Occurrit
1126 1042 1407 1134 Vulturnensrs,
1447 1042 1576 1140 scripti
1616 1049 1726 1122 Anno
1767 1055 1887 1146 DCC.

254 1145 294 1221 in
314 1148 395 1224 aliis
422 1150 508 1224 bene
528 1148 652 1224 multis
670 1147 911 1225 Locationum
930 1147 1014 1218 Mu·
1125 1149 1312 1221 Lxxxlr.
1349 1171 1427 1248 pag.
1463 1152 1567 1244 3⁶4.
1590 1151 1681 1221 Part.
1712 1173 1745 1223 2.
1772 1155 1885 1232 Tomi

253 1248 443 1325 tinenfiurn
483 1247 721 1326 uetustillimis
760 1248 906 1325 Chattis
941 1247 1014 1348 eju·
1126 1251 1155 1320 Ι.
1183 1251 1262 1322 Rer.
1297 1248 1453 1324 Italicar.
1490 1245 1672 1324 Tribunus
1708 1251 1751 1326 de
1778 1257 1887 1331 Cara.

252 1348 348 1424 sdenr
368 1353 448 1425 Lini
474 1352 633 1443 mentio,
659 1352 791 1452 quippe
816 1351 916 1443 illius
940 1349 1015 1422 cul·
1125 1350 1218 1448 pelle
1242 1373 1322 1424 cunr
1347 1347 1433 1423 filiis
1457 1345 1548 1438 suis,
1574 1353 1785 1447 concedimur,
1812 1358 1886 1451 air,

154 1469 163 1474 ’
254 1467 334 1526 tura
360 1452 548 1530 familiaris
567 1472 652 1528 tune
671 1472 745 1528 erat
767 1452 808 1526 in
834 1451 907 1527 illis
926 1475 1013 1549 quo·
1059 1475 1088 1546 Β
1122 1451 1269 1546 perfhnar
1294 1452 1413 1538 nostras
1445 1453 1479 1524 iu
1506 1452 1643 1543 servitio
1669 1457 1713 1525 tl·
1737 1457 1887 1546 defrusta-

253 1577 323 1651 que
348 1555 572 1653 regionibus..
599 1559 653 1630 At
680 1579 773 1628 nunc
796 1553 919 1652 (quod
947 1552 1013 1624 mi·
1126 1579 1165 1624 ne
1189 1554 1229 1624 de
1257 1553 1449 1641 Monasierio
1477 1551 1592 1624 Saniii
1629 1557 1792 1631 Vincentii
1816 1563 1886 1637 &a

251 1656 354 1754 rere)
381 1658 479 1730 nulla
505 1657 553 1731 est
587 1654 677 1754 apud
713 1681 777 1730 nos
804 1655 879 1755 ejus
905 1679 1013 1744 cura,
1119 1653 1221 1744 satvr
1245 1655 1392 1728 libertate
1417 1656 1539 1742 nostrl.
1566 1655 1773 1732 Ludoricus
1800 1687 1888 1760 quo.

250 1780 366 1854 neque
392 1755 482 1856 apud
521 1755 723 1849 finitimos,
758 1781 867 1854 quum
894 1773 1013 1829 tamen
1127 1779 1194 1852 que
1222 1754 1306 1830 Pius
1331 1753 1371 1828 in
1399 1760 1494 1856 Lege
1517 1757 1739 1856 Langobard.
1764 1761 1824 1838 62.
1847 1771 1888 1838 de

172 1927 174 1930 .
256 1860 316 1929 vel
341 1855 380 1929 in
415 1856 497 1954 ipsrs
523 1857 735 1931 Mutinenln
775 1855 902 1953 Populi
938 1859 1012 1926 Sta·
1127 1857 1274 1945 Liberis,
1308 1854 1453 1955 inquit,
1490 1859 1689 1952 horninibus,
1725 1865 1783 1958 qui
1813 1889 1887 1962 pro.

253 1957 376 2048 tutis,
412 1962 522 2032 Anno
558 1960 856 2032 MCCCXXVll.
892 1953 1012 2029 eondi-
1123 1954 1231 2050 prium
1255 1983 1316 2028 non
1349 1959 1492 2049 babent,
1522 1957 1641 2050 sedin
1667 1980 1752 2034 terra
1786 1967 1890 2059 domi·

256 2059 330 2151 tis,
366 2060 450 2134 Lib.
475 2086 512 2155 4.
537 2057 693 2144 ‘Rubricd
724 2083 805 2158 194.
834 2057 1014 2131 decretum
1127 2056 1198 2128 nica
1219 2056 1379 2150 resident,
1405 2078 1441 2130 ur
1464 2079 1664 2157 propterera
1688 2063 1824 2138 alterius
1850 2071 1886 2144 in
1941 2086 1943 2089 ’

256 2157 365 2234 fuerit
398 2163 437 2231 de
465 2160 654 2252 seminando
687 2163 826 2257 quolibet
860 2185 944 2232 anno
979 2183 1014 2228 u·
1127 2157 1335 2244 testimouium
1362 2185 1423 2231 non
1450 2162 1665 2256 recipiantur.
1702 2165 1762 2238 Illi
1785 2175 1886 2264 veri,

259 2287 333 2334 narn
359 2261 478 2332 minam
504 2263 584 2334 Lini
615 2283 673 2358 per
706 2259 875 2356 quemlibet
899 2261 1015 2331 baben·
1127 2259 1183 2355 qui
1206 2261 1367 2355 proprium
1392 2262 1533 2352 babent,
1565 2263 1610 2331 Θ
1634 2283 1739 2336 tamen
1766 2267 1801 2338 in
1827 2290 1891 2342 ter.

254 2379 318 2432 tem
344 2387 441 2432 unum
472 2383 535 2458 par
562 2365 652 2434 boum
680 2362 738 2454 seu
761 2358 959 2450 variarum,
994 2362 1017 2430 ὸ
1058 2387 1091 2460 C
1128 2384 1166 2430 ra
1190 2359 1348 2430 dominico
1373 2360 1528 2451 resident,
1564 2381 1602 2432 ut
1622 2384 1750 2460 propter
1774 2367 1827 2441 hoe
1852 2373 1889 2446 i„

257 2468 354 2534 Serra
378 2463 418 2532 de
444 2471 628 2560 Legorrano
655 2461 805 2554 inferius.
845 2467 950 2538 Nunc
976 2459 1013 2532 in
1128 2457 1337 2546 testimonium
1364 2462 1581 2558 recipiantur,
1617 2465 1696 2560 quia·
1724 2470 1889 2565 propriant

254 2561 352 2636 hisce
377 2563 580 2662 regionibus
607 2561 669 2636 uni
702 2565 840 2636 tantum
868 2561 1018 2634 cannabi
1128 2563 1263 2634 halent.
1293 2565 1347 2636 Ita
1374 2560 1412 2636 in
1440 2567 1537 2663 Lege
1555 2562 1616 2639 66.
1643 2565 1795 2664 ejusdem
1817 2573 1891 2652 Lu.

258 2662 479 2739 seminandae
491 2691 596 2764 opera
605 2663 730 2754 datur,
745 2662 906 2752 fortasse,
923 2661 1016 2760 quod
1129 2659 1250 2735 douiei
1276 2659 1466 2758 statuitur,
1499 2666 1551 2736 'aie
1565 2667 1749 2762 opprrffione
1769 2689 1892 2771 paupe.

258 2765 401 2842 uberior
427 2765 508 2841 inde
535 2764 667 2840 studius
694 2762 930 2867 percipiatur,
957 2777 1021 2836 aut
1129 2787 1197 2833 rom
1224 2765 1433 2856 Liberorum,
1469 2785 1506 2838 ut
1531 2791 1592 2836 non
1618 2765 1712 2858 fiant
1735 2775 1758 2842 ὰ
1779 2794 1905 2868 prtem·

259 2867 378 2956 tninus
414 2867 545 2940 laboris
580 2867 620 2940 in
646 2893 686 2940 ea
722 2865 915 2939 excolenda
951 2863 1017 2937 im·
1127 2863 1260 2938 rioribus
1281 2887 1339 2962 prr
1355 2867 1486 2963 aliquod
1503 2867 1622 2938 malum
1640 2868 1803 2966 ingenium
1820 2903 1891 2949 rou.

259 2965 453 3063 pendatur.
480 2963 601 3034 Velim
631 2987 773 3058 quoque
798 2961 1017 3032 animadver·
1093 2965 1097 2974 '
1128 2979 1179 3033 rra
1214 2964 1375 3054 justitiam
1414 2969 1561 3064 oppreffi.
1605 2971 1786 3048 Praeterea
1825 2977 1890 3076 qui

259 3079 316 3137 tas
335 3061 373 3136 in
394 3086 504 3158 nuper
529 3059 624 3136 edita
649 3060 805 3150 Charta,
833 3077 919 3133 tunc
937 3057 1019 3132 fuis·
1128 3060 1314 3143 Refidentes
1332 3063 1370 3134 in
1390 3068 1596 3160 quibusdam
1616 3073 1759 3149 vetustis
1778 3077 1892 3156 Char.

261 3162 297 3239 se
322 3162 362 3242 in
390 3162 450 3238 usu
477 3161 607 3262 duplex
634 3155 749 3232 Tritici
774 3185 906 3261 genus,
934 3160 1017 3232 alte·
1128 3157 1176 3230 tis
1212 3162 1460 3258 appellantur,
1494 3191 1713 3265 quamquam
1754 3178 1890 3258 alienor

261 3260 340 3340 rum
364 3262 486 3362 graffo,
514 3265 661 3338 alterurn
683 3261 820 3336 minuto.
848 3259 1019 3335 Retinent
1061 3279 1092 3346 Β
1128 3283 1229 3357 agros
1256 3261 1433 3350 colerent,
1471 3265 1595 3340 Liberi
1624 3285 1743 3346 tomen
1769 3273 1889 3354 honri.

261 3365 376 3440 adhuc
401 3363 623 3440 Mutinenses
646 3383 855 3460 utrumque,
882 3375 1019 3436 eorum*-
1131 3385 1190 3432 nes
1225 3358 1339 3434 fuere.
1375 3362 1517 3462 Speilat
1542 3365 1584 3440 ad
1620 3365 1688 3444 hoc
1713 3371 1808 3468 idem
1835 3383 1890 3454 'ar-

263 3493 332 3564 que
368 3491 524 3541 nomen.
562 3467 689 3538 Parum
725 3462 818 3538 inter
853 3461 886 3537 se
921 3461 1020 3537 diffe·
1129 3479 1337 3558 gumenrum
1373 3462 1529 3556 Charta,
1565 3493 1671 3566 quam
1697 3497 1741 3544 ex
1770 3471 1892 3576 pep'ga.

263 3585 380 3642 runt:
419 3565 474 3642 sed
513 3565 623 3668 pluris
650 3563 694 3639 fit
720 3565 934 3662 minutum;
971 3567 1018 3637 al·
1130 3562 1242 3636 menis
1269 3562 1473 3642 Senensrbus
1499 3565 1610 3643 haufit
1635 3569 1724 3644 olim
1748 3572 1902 3658 Clarill'.¹

259 3683 376 3742 terum
412 3673 497 3743 verli
532 3668 671 3742 turbam
713 3664 843 3764 Populi
884 3663 1019 3766 pascit.
1063 3703 1065 3710 ⁴
1131 3666 1198 3738 Vir
1222 3667 1404 3740 Hubertus
1428 3670 1728 3770 Benuoglientus‚
1756 3677 1816 3752 ubi
1841 3707 1890 3752 re.
1979 3664 1986 3676 ’

260 3771 454 3854 Ceterum.
473 3785 514 3842 ut
532 3767 569 3841 in
589 3767 687 3840 viam
706 3766 902 3867 regrediar,
930 3769 1017 3840 mul·
1128 3765 1217 3836 ditur
1241 3768 1277 3838 ἃ
1303 3768 1456 3863 angariae
1481 3769 1676 3850 statuuntur
1702 3803 1765 3876 pro
1792 3806 1888 3878 prae.

262 3885 316 3943 tas
342 3867 429 3942 alias
460 3893 681 3968 pergamenas
708 3867 909 3941 Archiuum
936 3871 1019 3941 Mu·
1097 3833 1102 3990 i
1130 3864 1191 3939 dio
1211 3867 1349 3942 locato.
1375 3873 1452 3958 Jam
1472 3871 1559 3945 alibi
1584 3877 1729 3966 monui,
1756 3881 1889 3980 Ughel.

261 3967 408 4044 tinenfis
433 3967 656 4042 Cathedralis
676 3969 855 4059 adservat,
882 3971 920 4042 in
940 3971 1020 4068 qui·
1130 3966 1219 4040 lium
1239 3972 1347 4043 Torn.
1368 3974 1395 4043 1.
1420 3971 1545 4046 Italiae
1572 3973 1683 4050 sacrae
1702 3975 1887 4080 deceptum

263 4071 325 4146 bus
356 4069 380 4142 fi
416 4069 526 4143 Liberi
560 4067 721 4144 homines
756 4069 958 4144 conducunt
984 4097 1016 4143 a·
1125 4066 1253 4159 tuille,
1293 4097 1403 4167 quum
1440 4069 1593 4171 scriplit,
1631 4082 1799 4172 Pendenm
1834 4111 1889 4158 re.

259 4197 363 4275 gros,
390 4170 475 4245 haec
501 4167 656 4270 ipsorum
678 4172 927 4341 praerogatiua
952 4169 1017 4244 mi·
1060 4183 1088 4252 Ε
1128 4169 1332 4244 nuntiatum
1360 4170 1458 4245 inille
1486 4177 1594 4247 Anno
1622 4179 1768 4255 DCCC.
1803 4185 1889 4284 Epi.

257 4275 355 4350 nime
381 4271 574 4348 reticetur.
606 4271 673 4370 Eju
692 4270 788 4346 modi
814 4271 860 4346 est
885 4271 1018 4347 Charta
1129 4267 1271 4369 scopum
1300 4271 1506 4348 Senensem.
1542 4279 1596 4348 En
1632 4276 1744 4377 ipsum
1782 4281 1888 4360 habe.

259 4375 361 4449 Anni
400 4376 738 4448 DCCCLxxxvr.
778 4399 882 4473 quarn
925 4371 1017 4447 infra
1130 4396 1206 4445 mus
1231 4372 1302 4474 jam
1329 4373 1531 4468 Episcopali
1552 4401 1693 4454 munere
1717 4381 1888 4462 donatum

260 4475 352 4548 dabo
386 4472 424 4546 in
454 4473 630 4548 Differtat.
667 4477 766 4549 xm.
789 4479 829 4547 de
853 4476 1017 4548 Nominib.
1128 4477 1238 4546 Anno
1263 4471 1392 4550 Christi
1423 4479 1712 4558 Dchxxvll.
1747 4489 1803 4563 lta
1827 4514 1887 4564 ve·

261 4580 307 4646 [θ’
330 4575 542 4671 Agnominib.
579 4601 639 4675 per
671 4601 776 4676 quam
812 4575 1017 4652 Leudoinus
1126 4579 1165 4649 ro
1192 4573 1225 4650 se
1252 4575 1356 4651 habet
1383 4575 1516 4654 Charta
1543 4581 1627 4656 illa.

108 4667 137 4736 '.
263 4675 455 4780 Episcopus
483 4674 692 4778 quibusdam
718 4677 850 4752 Liuerir
881 4679 1015 4754 bonini·
1046 4704 1050 4711 ·
1312 4675 1319 4686 '

364 5191 451 5263 Torn.
475 5185 523 5270 ΙΙ.
615 5148 620 5154 ¹
