4536 6064
464 431 551 514 719
762 397 1174 518 ANTIQUJT.
1225 399 1463 488 MEDH
1511 401 1692 488 ΑΕΗ
1897 439 1987 522 7²0

401 533 519 594 tecum
557 519 596 596 in
632 517 784 596 Ecclesia
819 520 939 594 Sanc'li
976 519 1164 594 Bartholo-
1198 521 1247 591 A,
1276 525 1445 618 agentibus
1465 521 1720 613 consenserimus,
1739 515 1788 598 ὅθ’
1810 547 1871 594 uon
1893 550 2042 620 perman·

402 619 475 694 mci
502 620 691 724 Apostoli,
728 623 825 695 troad
862 642 897 696 te
932 621 1045 698 tribus
1073 621 1165 698 vici·

403 721 468 796 bus
495 723 587 798 circa
615 727 742 798 Altate
774 721 878 824 ipsius
905 725 1056 797 Ecclelic
1083 751 1161 797 curn

400 848 503 898 cerco
518 823 766 924 apprehensum
792 825 830 897 in
851 825 1013 900 manibus
1039 827 1161 900 tuis&

401 923 440 998 in
462 927 622 1000 manibus
641 925 731 1000 suis:
762 925 887 1002 dcindc
904 928 1002 1003 exite
1027 930 1061 1000 &
1089 955 1164 1001 am-

403 1027 523 1101 bulotc
557 1027 595 1102 in
632 1028 691 1101 via
721 1027 944 1125 quadrubio,
979 1029 1043 1103 ubi
1076 1057 1163 1128 qua-

403 1147 486 1202 tuor
511 1127 570 1206 vie
596 1127 631 1204 sc
656 1129 886 1211 dividuntur,
912 1127 952 1206 ἃ
979 1131 1060 1204 dare
1084 1159 1161 1206 cam

402 1229 617 1306 licenciam.
651 1235 823 1329 Statimque
853 1255 910 1328 pro
945 1233 1078 1304 remedio
1111 1237 1163 1304 lu-

404 1333 538 1406 minaria
558 1333 663 1406 anime
684 1337 761 1406 bone
783 1335 924 1404 memorie
947 1336 987 1406 dr
1006 1339 1164 1432 quondam

1269 623 1404 716 serimus
1431 621 1466 692 iu
1495 651 1532 695 aa
1559 623 1685 706 omnia,
1711 623 1849 720 qualiter
1868 625 1973 722 supra'
1995 629 2041 700 lc·

1272 729 1364 822 gitur
1378 773 1390 806 ,
1426 745 1494 796 tum
1520 725 1632 798 datori
1656 727 1872 820 promittimus
1907 755 1961 799 nos
1983 730 2039 820 su·

1275 827 1458 923 prescriptis
1483 831 1604 900 Dmnne
1629 828 1730 898 Wille
1755 829 1865 900 inclite
1888 831 2039 924 Comttis·

1271 928 1307 1022 sc
1334 931 1377 999 Θ
1404 935 1471 1026 Ugo
1497 931 1541 1000 U*
1565 929 1704 1002 Albano
1728 925 1777 1008 (φ
1803 930 1972 1022 Boursact'o
1997 933 2041 1004 θ’

1204 1035 1209 1050 ’
1279 1032 1422 1113 Ubaldo,
1440 1033 1497 1102 vel
1519 1033 1643 1102 heredes
1667 1029 1779 1119 nosltr's
1799 1055 1974 1128 componere
1997 1035 2043 1106 Ο·

1255 1137 1354 1205 dare
1384 1133 1447 1204 tibi
1473 1133 1689 1230 suprascripta
1723 1135 1856 1228 Clarius
1867 1184 1879 1217 ,
1907 1136 1964 1206 vti
1997 1136 2044 1208 ad

1275 1235 1343 1306 onie
1365 1233 1533 1306 heredibus
1563 1259 1643 1332 pene
1677 1235 1801 1307 aomina
1827 1236 1900 1310 auti
1925 1235 2042 1310 obtinet

1279 1337 1395 1408 Libras
1418 1338 1502 1417 duo,
1526 1333 1572 1416 &
1598 1335 1666 1432 posl
1688 1359 1771 1432 perra
1788 1338 1898 1430 solnta
1919 1339 2043 1434 presens

397 1433 609 1530 suprascripto
635 1436 755 1508 Domni
788 1443 880 1531 Ugo‚
916 1437 961 1508 θ’
996 1437 1060 1532 ipse
1086 1445 1165 1508 Pte-
1210 1431 1237 1500 Β
1271 1443 1382 1508 ·Carta
1407 1437 1630 1518 libertatum,
1661 1437 1745 1522 ficut
1773 1441 1873 1534 snpra
1902 1439 2040 1536 legitur,

401 1533 503 1608 obiter
525 1544 635 1632 Banna
654 1537 733 1628 secio
757 1537 883 1618 omnia,
904 1536 986 1622 ficut
1011 1537 1087 1634 ipfis
1107 1539 1164 1629 sco-

399 1637 584 1734 prascripnir
602 1639 743 1734 praemit
750 1689 762 1724 ,
783 1640 826 1710 θ’
847 1639 957 1710 dixit:
974 1665 1055 1713 ecee
1077 1667 1165 1737 quar

403 1757 487 1814 tuor
512 1739 595 1814 vic:
635 1739 688 1814 ite
720 1737 761 1815 &
796 1741 974 1814 ambulate
1009 1739 1049 1814 itt
1076 1767 1165 1838 quo·

403 1865 543 1940 cunque
570 1859 705 1942 portem
731 1841 801 1914 tibi
838 1840 1097 1941 placuerivtan
1125 1858 1163 1914 tu

291 1949 294 1960 '
405 1941 634 2044 suprascripta
660 1942 830 2026 Clarias,
856 1969 925 2040 qut
953 1941 1083 2050 nosque
1110 1943 1163 2016 tui

406 2043 569 2137 heredes,
593 2044 656 2143 qui
681 2043 787 2118 abac
811 2043 897 2118 hora
916 2043 958 2116 in
982 2063 1084 2118 antea
1102 2070 1165 2116 na·

406 2145 459 2228 ti,
486 2149 544 2222 vel
571 2143 744 2247 procreati
773 2143 879 2220 luerit
906 2143 1085 2242 utriusque
1114 2143 1165 2218 se·

407 2275 496 2324 uus.
531 2255 580 2322 Es
613 2274 669 2346 ego
691 2245 792 2340 filius
825 2253 961 2321 Dotnnc·
982 2248 1083 2320 Willc
1118 2245 1166 2326 όν·

409 2453 530 2526 Uhaldo
562 2473 619 2548 per
643 2451 722 2522 banc
747 2457 880 2522 Cartam
916 2448 1166 2540 liherracioni‚

407 2550 647 2642 absolutioni,
667 2547 900 2652 ingenuitatis
918 2550 1028 2624 libera
1047 2547 1087 2626 ἃ
1106 2551 1166 2624 ab·

407 2655 520 2728 soluta
536 2653 763 2754 permanead,
784 2672 823 2726 tu
838 2649 1067 2752 suprascripto
1082 2655 1168 2730 cle-

405 2755 505 2836 sizt,
542 2751 680 2854 tuisque
712 2753 879 2835 heredes,
912 2753 993 2840 ficar
1021 2755 1169 2850 superius

403 2860 492 2930 dinis
504 2902 516 2938 ,
537 2856 676 2932 obtatis
702 2854 780 2929 viss
805 2873 941 2951 opertas
964 2871 1074 2950 portae
1100 2863 1167 2930 Pe·

405 2957 505 3044 radis
519 3007 550 3038 ,.
567 2975 685 3053 portos
713 2951 915 3036 civitatis,
952 2973 1069 3055 portas
1094 2962 1167 3034 Cn·

406 3059 512 3134 stellis
539 3055 576 3130 in
605 3053 746 3152 placitis
768 3051 807 3128 &
833 3054 872 3128 ist
899 3058 1085 3134 conventis
1112 3061 1168 3134 lo·

406 3162 458 3234 cis
484 3157 684 3240 ambulare,
702 3153 741 3232 &
769 3157 873 3240 stote,
896 3160 931 3232 δι
959 3159 1077 3236 wadia
1104 3187 1166 3260 pro

1277 1539 1365 1608 omni
1390 1561 1525 1635 tempore
1549 1539 1584 1609 in
1604 1539 1667 1630 sua
1694 1537 1885 1630 firmitatem
1915 1562 2043 1638 perona-
2180 1565 2182 1568 ’

1269 1641 1363 1712 -osead
1375 1691 1385 1712 .
1413 1645 1461 1711 Er
1487 1639 1614 1737 insuper
1637 1643 1850 1714 anathemeris
1873 1642 2044 1716 damasiani

1278 1741 1453 1836 perculsam
1484 1742 1839 1839 snupitetnnmjasala
1865 1743 2045 1836 satientur,

1261 1849 1329 1919 ,Ψ
1364 1869 1437 1914 com
1460 1847 1558 1935 suda
1592 1844 1745 1919 traditore
1780 1845 1914 1916 Deretini
1949 1845 2046 1933 noslri

1271 1943 1358 2034 Jesu
1389 1945 1514 2032 Cb'n'si
1549 1943 1671 2018 aleam
1708 1967 1859 2040 panem,
1900 1947 1945 2018 θ’
1977 1973 2045 2018 cont

1279 2045 1458 2138 Bcclzcbttt
1486 2046 1634 2142 princeps
1661 2047 1884 2120 Demonioruttt
1918 2048 2044 2128 ἄση,

1280 2147 1336 2216 ubi
1360 2173 1482 2216 vermes
1507 2173 1570 2220 non
1596 2149 1798 2230 moriuntur,
1835 2175 1889 2222 nec
1905 2149 2045 2246 flamma

1280 2246 1502 2334 eslintrtritut.

265 2403 268 2410 .
407 2357 525 2448 Hugo,
562 2347 609 2432 θ’
633 2347 796 2428 Aberta,
829 2345 876 2428 du
904 2347 1095 2438 Bonesacio,
1123 2350 1167 2418 Θ·
1202 2337 1236 2408 C
1331 2351 1477 2424 Has‘sum
1512 2349 1547 2420 in
1569 2351 1776 2440 'Monoslerio
1804 2351 1922 2426 Sanslr'
1956 2359 2042 2426 Bar·

1282 2442 1427 2522 tbo'lomei
1461 2449 1613 2550 ,Aposloli
1624 2503 1637 2536 ,
1663 2451 1839 2528 ludillione
1866 2455 2043 2551 suprascri-

1280 2571 1342 2648 pta
1369 2557 1493 2628 Nona.

1332 2659 1471 2750 Signum
1497 2655 1642 2726 manibus
1659 2655 1875 2750 suprascripta
1901 2649 2045 2730 Domus

1284 2754 1383 2828 ville
1401 2755 1508 2828 inolita
1525 2753 1713 2830 comitisse
1731 2753 1865 2836 reseda,
1887 2756 1945 2853 qtt't'
1961 2765 2047 2830 barte

1281 2863 1414 2931 Castam
1443 2853 1668 2934 libertacionr',
1701 2856 1916 2948 absolutioni,
1952 2859 2046 2954 ingr-

1283 2958 1441 3040 nnitatis,
1462 2955 1545 3042 ficut
1564 2957 1664 3052 supra
1689 2958 1828 3054 legitur,
1846 2956 1927 3051 fieti
1953 2985 2045 3057 roga-

1279 3057 1322 3132 vi
1335 3109 1346 3142 ,
1372 3057 1421 3138 όν
1446 3059 1492 3132 cit
1516 3057 1628 3130 salella
1653 3057 1719 3145 esl.

1333 3163 1470 3256 Signum
1496 3160 1642 3234 manibus
1661 3160 1887 3257 suprascriptis
1910 3161 2047 3238 Domni

405 3282 441 3340 te
466 3259 573 3344 dore,
608 3255 648 3336 ἃ
673 3285 796 3335 omnes
823 3257 1068 3343 nonfacere,
1105 3289 1165 3338 co·
1205 3249 1238 3318 D
1284 3261 1393 3359 Ugo,
1428 3261 1526 3338 roiam
1561 3261 1922 3353 Domni.Alberto‚.
1942 3262 2048 3361 ficqoc

404 3361 511 3438 modo
547 3361 673 3436 melius
702 3361 890 3460 potueritis
921 3365 977 3436 vel
1008 3363 1165 3440 volucri·

404 3467 474 3541 ris.
509 3463 563 3538 sit
598 3461 667 3538 ribi
694 3464 890 3538 concellum
918 3461 959 3540 ἃ
995 3466 1166 3567 perdona-

404 3585 482 3642 tum
514 3559 622 3640 omne
657 3563 891 3663 conquisitum
929 3570 987 3642 vel
1022 3595 1165 3669 agrega-

403 3687 508 3750 tum,
536 3667 600 3740 cod
627 3667 759 3742 abeatis
774 3707 786 3748 ,
819 3670 878 3742 vel
904 3668 970 3744 cod
998 3669 1035 3744 in
1062 3691 1165 3746 antea

404 3770 569 3868 nqu‘ideee
603 3767 792 3866 potueritis
818 3786 947 3848 tonsu
979 3770 1164 3862 suprascri-

404 3891 465 3972 pto
499 3869 669 3954 Clerizo,
702 3895 867 3968 qumque
904 3870 958 3946 tui
997 3871 1163 3948 heredes.

1280 3361 1421 3438 Domni
1449 3361 1667 3446 sonnacio,
1692 3359 1742 3442 (θ’
1770 3364 1905 3438 Domni
1932 3363 2048 3438 Ubnl·

1280 3464 1330 3538 do
1352 3466 1540 3562 germanis,
1569 3466 1626 3562 qui
1650 3469 1732 3540 hanc
1755 3473 1890 3557 Castam
1914 3467 2046 3539 liberta-

1279 3567 1383 3646 cioni,
1404 3565 1488 3650 sicut
1507 3566 1607 3662 supra
1632 3568 1773 3664 legitur,
1798 3565 1881 3659 fieti
1906 3569 2021 3665 rogavi
2033 3614 2045 3650 ,

1281 3667 1326 3738 θ
1350 3669 1397 3738 cis
1422 3665 1535 3739 relella
1559 3667 1625 3754 esi.

1333 3768 1473 3865 Signum
1495 3769 1642 3848 manibus
1665 3770 1831 3861 Walsrtdo
1851 3770 2046 3864 Comesarius

1278 3869 1375 3962 filius
1413 3873 1570 3966 quendem
1594 3871 1834 3954 marmanda,
1862 3868 1909 3952 ἕν’
1935 3879 2049 3944 Petrus

406 3980 449 4046 Ut
474 3998 571 4068 neque
594 3973 640 4044 da
665 3997 721 4042 nos
733 4021 745 4054 ‚
782 3999 878 4068 nequo
901 3975 948 4045 da
974 3973 1086 4062 noslris
1109 3975 1181 4046 hes
1286 3973 1454 4046 Vitccomes
1479 3969 1577 4062 filius
1601 3977 1758 4068 quondam
1786 3979 1879 4070 Ugo,
1913 3969 1962 4052 &¹
1987 3979 2047 4045 Pr·

403 4077 514 4154 tedes,
542 4093 599 4145 aut
621 4095 678 4169 pot
696 4073 813 4165 somisa
837 4076 894 4146 vol
919 4077 1068 4172 rogatista
1089 4099 1164 4174 prr-
1284 4095 1351 4146 trus
1369 4071 1468 4163 filins
1493 4076 1648 4168 quondam
1674 4080 1816 4154 Tamus,
1839 4076 1885 4144 Φ
1911 4079 1978 4170 Ugo
1994 4073 2045 4164 fi·

396 4177 475 4270 sona
501 4173 700 4262 noslra....
725 4175 893 4260 occasiones
916 4179 956 4248 de
982 4179 1084 4273 ipsum
1110 4179 1165 4278 ju·
1207 4153 1236 4224 E
1282 4177 1327 4246 lio
1353 4176 1511 4270 quondam
1533 4175 1714 4264 Andeira,
1750 4172 1798 4254 &¹
1815 4177 1944 4266 Jeottio
1967 4175 2047 4267 filio

402 4305 448 4378 go
475 4274 654 4352 servitutis
681 4298 737 4357 tan
763 4297 800 4350 cu
824 4278 986 4353 antedilla
1011 4281 1164 4376 claim,
1284 4275 1462 4374 ¹Rainrrio,
1495 4271 1545 4352 όν
1570 4273 1740 4348 Lamberto
1765 4277 1865 4368 filins
1889 4281 2047 4374 quondam

401 4398 545 4478 qnan‘qtrt
570 4379 619 4450 tui
646 4380 767 4453 btmdrs
780 4431 790 4452 .
805 4434 816 4454 .
833 4431 867 4454 ..
888 4379 965 4465 sitis
985 4381 1096 4454 corinda
1111 4382 1164 4474 sc-
1285 4378 1458 4454 Rolondo,
1493 4372 1542 4454 &¹
1572 4379 1732 4449 Balaoino
1757 4377 1856 4472 filius
1889 4381 2045 4475 quondam

398 4482 465 4555 cuti
490 4487 535 4552 U·
559 4479 657 4576 quieti
669 4527 681 4560 ‚
706 4483 808 4576 adque
831 4481 958 4576 pacifim'
979 4505 1165 4578 permanea·
1284 4477 1522 4556 attestando,
1547 4473 1597 4555 &⁰
1623 4479 1751 4568 Aslolso
1767 4479 1865 4570 filins
1890 4481 2046 4576 qnondam

401 4585 445 4656 tir
463 4579 535 4668 sint
568 4583 635 4654 allo
661 4582 871 4654 detrimento.
888 4637 896 4654 .
912 4637 947 4656 ..
983 4607 1019 4656 ut
1039 4584 1073 4670 fi
1094 4583 1164 4672 sor·
1286 4579 1444 4668 Rosredo,
1468 4575 1517 4656 ὅν
1542 4582 1729 4662 Lambcrto,
1752 4581 1809 4675 qui
1831 4601 1964 4654 vocmur
1981 4583 2046 4652 Fo-

395 4685 501 4772 fisant'
523 4709 578 4754 nos
595 4682 819 4780 suprascriptis
836 4685 892 4756 vel
915 4687 1058 4765 heredes,
1084 4685 1166 4756 hanc
1280 4681 1382 4774 scola,
1410 4677 1516 4771 filins'
1532 4687 1607 4754 ,Leo
1640 4687 1685 4754 da
1717 4681 1823 4768 lesio,
1850 4687 1897 4760 (φ
1933 4689 2047 4755 Petras

397 4787 604 4885 proheredes,
631 4786 686 4855 vel
711 4805 856 4881 patentes
886 4786 997 4872 noslris
1022 4785 1164 4880 aliquam
1286 4781 1443 4856 Pttslioet
1461 4780 1573 4872 sanilo
1592 4781 1801 4868 Bononiensis
1826 4781 1980 4868 Ecclesia,
2004 4783 2049 4854 θ’

401 4887 570 4974 molesliam
594 4907 701 4958 contra
726 4907 757 4958 tc
782 4887 935 4978 Cleriza,
970 4885 1026 4960 vel
1059 4908 1165 4960 contra
1286 4885 1453 4962 tantem
1472 4880 1568 4974 filisu
1594 4886 1751 4980 qnondam
1777 4888 1972 4966 umberto,
1999 4879 2048 4962 &¹

1286 4993 1399 5060 Petrus
1422 4982 1586 5060 Prtrlitrr'
1604 4987 1644 5058 do
1668 4989 1842 5067 Ponsalro,
1866 4987 1984 5084 rogatio
2002 5007 2050 5056 tt-

1249 5089 1402 5182 sslt'bus.

400 4997 469 5066 tu'ot
492 4989 615 5065 hereaes
638 5014 749 5082 agore,
766 5009 826 5062 aut
847 4988 994 5080 causare,
1012 4976 1068 5058 atel
1088 5015 1164 5086 quc-

355 5139 358 5144 ·
401 5097 465 5164 mt'e
498 5111 556 5164 att
591 5087 748 5176 molestare
781 5089 1078 5187 presumpserimut,
1106 5111 1164 5166 aut

1924 5191 1993 5285 Ego
