4592 6066
462 395 551 506 slas
758 379 1681 514 sussurratuaunrmaur

1882 416 1973 520 436
2027 533 2040 546 ,

404 517 434 598 3,
461 497 620 608 perte'&
634 497 835 586 Dotrlinum'
850 503 1060 590 Aletrinum
1071 543 1167 617 prae·
1205 516 1306 611 ss„
1333 511 1579 616 prdmittitnus
1597 547 1656 621 per
1674 524 1741 596 isos·
1758 509 1955 620 lrosi'rosque
1978 520 2039 598 lae·
2081 563 2085 571 ,

406 654 434 701 „
460 607 595 686 diuum
623 609 732 710 ipsam
759 613 948 688 Ecclesiam
970 619 1166 693 Romanam

403 759 433 802 „
452 711 723 812 procuratricem
734 730 915 816 tamquam
926 716 965 791 in
975 743 1048 794 rem
1059 718 1166 795 suam.

403 815 550 906 „Item
578 811 852 910 confirmamus,
887 819 922 892 dc
950 845 1011 921 per
1044 821 1166 896 omnia

404 963 432 1006 ,‚
459 931 679 1014 acceptamus
729 917 1001 1014 venditionem,
1046 920 1165 997 cellio-

404 1063 431 1106 „
458 1038 561 1107 nem,
586 1015 835 1096 refutationem
853 1023 889 1095 δ(
909 1021 1162 1100 concessionem

402 1165 430 1208 „
456 1113 585 1192 sesiam
613 1117 676 1216 ipsr
704 1122 863 1197 Domino
881 1125 1052 1200 Alatrino
1070 1151 1163 1202 nunc

400 1265 429 1308 „
458 1216 601 1295 Reslori
639 1225 795 1300 Dncmus
830 1227 1039 1327 spoletani,
1075 1229 1162 1302 reci·

1280 671 1305 712 „
1332 619 1429 694 redes
1445 621 1479 693 δι
1493 620 1696 697 successores
1711 621 1780 696 tibi
1795 623 2037 721 praenomina·

1243 756 1246 767 ·
1278 773 1303 812 „
1332 737 1372 794 to
1397 721 1556 798 Domino
1579 722 1737 799 Gerardo
1751 721 1841 798 'vice
1861 725 1896 796 δι
1919 723 2037 800 nomi·

1278 875 1303 916 „
1329 847 1375 897 ne
1392 822 1481 899 dieti
1499 824 1649 900 Domini
1668 823 1829 900 Alatrini
1847 821 2033 922 recipienti

1277 977 1302 1016 „
1330 951 1393 1025 pro
1419 924 1572 1002 Ecclesia
1608 931 1794 1016 Romana,
1829 923 2033 1016 attendere,

1275 1079 1301 1118 ‚,
1327 1025 1531 1120 observare,
1557 1029 1593 1102 &
1620 1053 1691 1111 non
1711 1025 1957 1102 contravenire
1976 1052 2035 1124 per

1275 1179 1299 1220 „
1327 1151 1391 1201 nos
1426 1131 1483 1204 vel
1519 1128 1718 1204 submissam
1752 1125 1934 1228 personam
1967 1126 2035 1202 ali·

1274 1281 1298 1321 „
1325 1255 1395 1327 qua
1419 1229 1598 1306 occasione
1625 1233 1683 1305 vel
1709 1225 1877 1320 fraude,
1899 1227 1961 1302 sub
1996 1255 2034 1304 o·

401 1317 570 1416 „pienti
598 1349 661 1424 pro
696 1324 848 1401 Ecclesia
885 1333 1066 1422 Romana,
1102 1357 1163 1430 per
1275 1383 1298 1422 „
1327 1331 1524 1432 bligatione
1559 1332 1721 1407 omnium
1758 1331 1931 1418 bonorum
1967 1357 2032 1404 no·

401 1469 429 1512 „
458 1422 633 1500 Dominos
659 1421 917 1521 Olreducium,
953 1431 1162 1524 Simonem,
1209 1421 1236 1490 Β
1274 1483 1298 1522 ,,
1325 1430 1498 1524 llrorum,
1532 1436 1568 1508 δι
1595 1459 1706 1532 poena
1732 1431 1771 1506 in
1798 1430 2031 1508 lnslnrmento

399 1571 427 1614 „
453 1523 489 1596 dc
516 1524 605 1601 alios
633 1528 808 1604 Dominus
839 1533 928 1608 olim
955 1531 998 1607 de
1024 1533 1160 1608 Miran-

399 1671 426 1716 ,‚
452 1623 518 1716 da,
554 1620 599 1703 de
632 1627 708 1748 ipso
744 1630 865 1706 Castro
904 1632 1092 1708 Mirandae
1126 1627 1171 1727 &[

396 1773 426 1817 „
453 1725 679 1826 pertinentiis
705 1730 797 1823 suis,
833 1749 873 1807 ut
907 1732 946 1807 in
983 1733 1162 1836 praedisio

398 1872 425 1917 „
452 1829 635 1907 contrusio
670 1832 775 1934 ipsius
810 1833 1030 1910 venditionis
1065 1835 1161 1936 supe.

396 1967 425 2020 ·„
451 1929 525 2004 rius
566 1933 794 2010 continetur.
832 1939 880 2010 Et
914 1937 1160 2029 remittimus,

396 2081 423 2122 „
442 2031 673 2130 quictamus,
701 2036 918 2130 refutamus,
953 2040 990 2112 δι
1017 2037 1159 2139 passum

395 2183 424 2224 ,‚
448 2131 599 2212 facimus
640 2135 683 2212 de
719 2165 789 2212 non
833 2137 1013 2240 petendo,
1053 2165 1159 2216 omne

394 2279 422 2324 aa
449 2233 525 2334 jus,
552 2237 647 2335 quod
675 2239 840 2314 habemus
867 2244 925 2316 vel
952 2240 1078 2316 habere
1104 2241 1159 2318 vi·

1272 1585 1298 1624 „
1326 1531 1430 1631 ipsus
1458 1533 1677 1608 venditionis
1703 1530 1856 1608 inserta:
1885 1535 1953 1631 qus
1978 1531 2033 1608 so·

1274 1687 1298 1724 „
1325 1635 1401 1708 luts
1426 1638 1484 1708 vel
1505 1629 1689 1709 commissi
1714 1636 1772 1708 vel
1799 1659 1871 1708 non
1897 1632 2032 1724 soluts,

1272 1789 1297 1826 „
1325 1734 1502 1835 praedisla
1539 1737 1694 1827 omnia,
1735 1754 1775 1809 ut
1815 1735 1854 1808 in
1889 1732 2031 1834 singulis

1271 1837 1490 1937 „capitulis
1528 1837 1683 1938 superius
1719 1835 1952 1926 continetur,
1992 1837 2031 1910 iu

1270 1991 1295 2029 ‚,
1322 1938 1381 2012 sua
1408 1957 1572 2057 maneant
1599 1937 1863 2053 firmitate3Et
1889 1935 1930 2009 ad
1955 1961 2028 2012 ma·

1270 2095 1295 2232 ζζ
1321 2038 1687 2240 ἷὲᾞῖἶριῗὲῗέἱῗῗῗι
1702 2033 2028 2238 ”Ξ“’ἓῃξὶιῑῗ”ἓὲἶ

1272 2298 1297 2334 ,,
1324 2242 1452 2344 pitulis
1487 2242 1743 2332 continentur,
1777 2236 1958 2313 observare
1993 2240 2029 2312 δι

393 2383 421 2425 ,,
447 2333 570 2412 demur
595 2338 634 2414 in
661 2339 759 2416 disin
785 2341 960 2418 Castro&
982 2343 1159 2444 pertinen·
1198 2341 1231 2414 C
1271 2399 1296 2437 „
1325 2343 1568 2424 attendere&
1594 2369 1667 2418 non
1702 2338 1945 2416 contravenire
1970 2365 2030 2412 oc·

393 2485 421 2527 „
447 2433 511 2510 tiis
537 2435 607 2514 suis
633 2439 813 2518 occasione
853 2443 992 2519 dotium
1030 2445 1157 2520 nostra.

370 2585 421 2644 ¹„
447 2563 525 2614 rum
553 2541 610 2616 vel
637 2540 879 2636 successionis,
907 2548 964 2620 vel
984 2545 1157 2646 alia-qua.

392 2687 420 2728 n
446 2638 538 2716 libet
562 2643 761 2720 occasrone.
799 2645 1048 2721 Renuntiando
1083 2645 1156 2748 spe·

391 2787 420 2830 n
445 2739 586 2818 cialiter
611 2743 682 2846 juri
708 2745 998 2846 hipothecarum,
1033 2747 1154 2817 omni·

390 2889 419 2930 „
444 2865 513 2939 que
539 2844 603 2918 alii
629 2851 768 2945 Legum
787 2851 821 2918 δι
845 2851 1074 2920 Decretorum
1094 2870 1153 2920 au·

390 2989 418 3032 „
445 2941 560 3036 xilio,
595 2943 698 3018 nobis
732 2945 771 3018 in
798 2945 866 3020 lroe
900 2941 1153 3022 saslo'cohae·

391 3083 419 3133 ar
445 3043 561 3134 renti,
588 3043 835 3146 competenti,
868 3048 904 3118 δι
940 3044 1155 3140 competitu-

338 3161 344 3172 '
391 3193 418 3236 „
445 3169 509 3220 ro.
540 3147 631 3220 ltem
658 3141 904 3246 promittimus
930 3141 999 3216 tibi
1028 3141 1155 3216 Domi·

390 3294 418 3338 „
444 3269 492 3320 no
517 3243 675 3322 Gerardo
701 3245 781 3321 vice
813 3247 850 3319 δι
885 3242 1031 3320 nomine
1065 3241 1155 3320 dissi
1195 3227 1230 3296 D

365 3337 370 3351 ’
388 3392 419 3437 „
446 3348 598 3424 Domini
617 3345 780 3424 Aletrini
799 3345 986 3447 recipienti
1007 3373 1071 3446 pro
1088 3349 1155 3420 Ec·

390 3495 417 3537 „
445 3445 545 3524 clesra
582 3453 766 3544 Romam,
800 3447 895 3548 quod
931 3449 1024 3522 nulli
1059 3447 1155 3524 dedi·

390 3597 418 3639 „
445 3575 523 3624 mus
549 3577 613 3625 nec
648 3547 877 3626 concessimus
912 3549 966 3647 jus
1000 3546 1153 3622 nostrum

390 3699 418 3740 ,‚
444 3650 488 3725 de
506 3651 606 3724 dieto
623 3649 745 3724 Callro
762 3651 798 3721 δι
816 3644 1043 3746 pertinentiis
1064 3645 1150 3722 suis:

390 3799 417 3840 „
444 3749 531 3824 &si
567 3747 687 3846 aliqua
721 3743 893 3822 eonceffio
919 3747 940 3818 i
966 3745 1068 3823 nobis
1103 3746 1152 3822 sa.

391 3897 418 3938 „
445 3849 502 3922 sia
516 3848 639 3947 aliquo
653 3865 812 3949 tempore
827 3845 1057 3946 reperiretur,
1073 3873 1153 3949 pro-

388 3995 417 4040 „
444 3948 624 4026 mittimus
640 3977 701 4053 per
719 3977 784 4025 nos
799 3946 997 4048 nostrosque
1011 3947 1151 4027 heredes
1209 4024 1213 4032 .

390 4101 418 4143 ,‚
443 4054 480 4128 dt
495 4051 697 4130 successores
713 4051 774 4127 sub
788 4049 1008 4154 obligatione
1022 4052 1152 4128 nostro·

1270 2499 1295 2538 „
1322 2443 1456 2520 casrone
1492 2445 1642 2521 minoris
1678 2440 1825 2530 aetatis,
1861 2441 1919 2512 vel
1958 2437 2029 2514 alia

1269 2599 1294 2638 „
1322 2547 1482 2645 qualibet
1527 2544 1736 2630 occasune,
1781 2541 1840 2612 vel
1882 2537 2029 2632 froude,

1268 2699 1293 2734 „
1321 2646 1425 2718 taslis
1451 2643 1677 2718 sacrosansiis
1712 2637 1920 2742 Evangeliis
1954 2666 2031 2716 cor·
2071 2721 2074 2728 ,

1266 2795 1291 2834 ,,
1319 2744 1489 2843 poraliter
1514 2746 1696 2844 juramus.

1317 2898 1343 2936 „
1370 2844 1505 2918 Asiam
1541 2844 1580 2916 in
1616 2843 1725 2916 domo
1761 2837 1937 2934 Raynaldi
1963 2839 2030 2914 Gi·

1267 2997 1293 3034 „
1320 2944 1502 3014 mundiale
1521 2943 1681 3028 Narnia,
1702 2939 1937 3032 praesentibus
1956 2941 2031 3012 Do·
2053 2957 2057 2966 ’

1269 3091 1294 3130 ,,
1321 3037 1422 3112 mino
1448 3038 1636 3117 Leonardo
1671 3037 1833 3128 Scalchi‚
1870 3037 2030 3112 Domino

1269 3192 1294 3232 „
1321 3137 1506 3216 Gimundo
1528 3139 1729 3229 Leonardi‚
1759 3135 2031 3216 Bartholomaeo

1269 3240 1494 3334 „Oderis1i,
1521 3245 1678 3319 Talento
1703 3239 1876 3316 serviente
1903 3241 2031 3316 Domi.

1269 3397 1294 3435 ‚,
1320 3342 1359 3416 ni
1388 3344 1557 3441 Raynerii
1592 3342 1820 3433 Cardinalis,
1857 3340 2028 3443 Philippo

1269 3499 1294 3536 „
1320 3445 1521 3537 Leonardi‚
1561 3444 1681 3520 Siorza
1716 3443 1838 3535 Eblii,
1866 3443 2025 3520 Domino

1268 3599 1293 3636 „
1321 3549 1427 3620 Petro
1453 3545 1608 3640 Leonis,
1646 3545 1805 3620 Domino
1839 3544 2026 3620 Leonardo

1268 3701 1292 3738 ‚,
1319 3645 1516 3738 Gimundi,
1541 3651 1578 3722 δι
1604 3646 1685 3722 aliis
1711 3647 1869 3746 pluribus
1895 3645 2023 3720 adhoc

1269 3801 1293 3842 „
1319 3747 1458 3824 vocatis
1482 3751 1519 3824 δι
1548 3748 1681 3848 rogatis
1707 3747 1874 3822 testibus.

1319 3904 1344 3940 „
1372 3850 1514 3948 insuper
1539 3848 1648 3924 tertio
1673 3848 1732 3924 die
1756 3847 1938 3950 sequenti,
1964 3846 2031 3924 sci·

1267 4006 1292 4043 „
1319 3951 1407 4026 licet
1432 3955 1534 4026 Vlll.
1560 3949 1618 4026 die
1644 3949 1802 4026 intrante
1825 3949 1950 4024 Mense
1975 3952 2029 4024 A.

1266 4108 1291 4144 ,‚
1319 4054 1421 4152 prilis
1454 4050 1607 4152 ejusdem
1648 4053 1749 4127 Anni
1784 4055 1819 4126 δι
1856 4049 2027 4126 Indisiio-

391 4205 418 4246 „
445 4178 522 4232 rum
540 4156 714 4232 bonorum
734 4152 803 4229 tibi
822 4153 980 4230 Domino
995 4155 1151 4232 Gerardo
1197 4145 1226 4216 Ε
1265 4206 1290 4247 „
1317 4155 1400 4246 nis,
1435 4179 1498 4229 nos
1526 4154 1683 4229 Domina
1709 4153 1803 4229 Sulla
1828 4151 2026 4226 soror'Do·

390 4305 417 4346 ,‚
441 4253 1151 4360 stipulantivieeDominiAlatriniprae·

389 4403 418 4448 „
443 4359 533 4456 dissi
561 4385 624 4460 pro
649 4356 802 4435 Ecclesta
831 4361 1011 4452 Romana,
1039 4359 1150 4459 ipsam

389 4503 416 4548 ‚,
444 4462 641 4532 Romanam
667 4457 855 4534 Ecclesiam
880 4459 1004 4537 nosris
1021 4487 1149 4561 expen-

389 4609 416 4649 „
442 4557 484 4634 fis
519 4557 722 4634 conservare
762 4561 994 4638 indemnem.
1030 4567 1148 4660 Quam

388 4719 415 4763 „
441 4661 646 4752 dationem,
673 4659 882 4756 cessionem,
907 4663 1148 4742 confirmatio·

388 4823 414 4864 „
441 4791 555 4859 nem,
594 4764 877 4857 concessionem,
915 4766 1148 4842 renuntiatio·

389 4926 415 4967 „
440 4867 815 4963 nem,remiffionem,
829 4865 1147 4956 refutationem&

390 5029 415 5068 „
441 4967 781 5075 promissorem&
803 4971 948 5062 omnia,
968 4989 1009 5045 ut
1026 4969 1064 5044 in
1084 4968 1148 5044 fin·

391 5127 417 5170 „
441 5073 535 5180 pulis
554 5071 720 5179 capitulis
745 5073 901 5184 superius
924 5071 1149 5168 continetur,

1264 4311 1290 4349 „
1318 4255 1410 4330 mini
1435 4254 1642 4348 Dsreducii,
1667 4258 1703 4331 δι
1730 4252 1881 4329 Domini
1907 4251 2025 4326 Simo·

1264 4413 1289 4452 „
1316 4358 1394 4450 nis,
1428 4359 1464 4431 dt
1492 4357 1649 4433 Domina
1684 4356 1802 4432 Maria
1835 4351 1913 4428 filia
1950 4357 2026 4430 Do·

1264 4515 1290 4554 „
1317 4457 1408 4534 mini
1434 4458 1610 4553 Simonis,
1647 4485 1738 4535 uxor
1763 4455 1917 4532 Domini
1942 4457 2028 4530 Dar·

1263 4615 1288 4655 „
1315 4559 1533 4656 tholomaei,
1567 4565 1603 4637 &
1640 4561 1798 4637 Domina
1834 4559 2026 4634 Diamantc

1262 4719 1287 4758 „
1314 4661 1390 4740 lilia
1409 4664 1560 4740 Domini
1577 4658 1783 4757 Dsreducii,
1801 4665 1837 4737 dt
1867 4659 2024 4736 Domsna

1262 4821 1287 4860 „
1313 4766 1474 4842 Aldruda
1500 4765 1577 4842 filia
1601 4767 1692 4842 olim
1717 4765 1872 4842 Domini
1891 4762 2024 4837 Ruber·

1263 4923 1288 4962 „
1314 4868 1368 4962 ti,
1395 4869 1547 4959 damus,
1583 4868 1763 4962 cedimus,
1799 4861 2024 4944 concedimus

1263 5023 1288 5062 „
1313 4974 1349 5047 δι
1376 4971 1580 5047 mandamus
1615 4972 1686 5048 tibi
1713 4969 1874 5046 Domino
1898 4969 2025 5040 Gerar·

1262 5125 1289 5166 „
1316 5074 1419 5150 dode
1436 5072 1592 5151 Ferraria
1609 5072 1727 5170 ludici
1746 5067 1931 5175 spoletani
1950 5070 2027 5158 Du,

1825 5225 1854 5268 „
1880 5188 1983 5255 carus¹
