4550 6072
406 473 430 510 ,.
469 377 552 494 ‘5'4‘7
607 481 612 489 .

756 371 952 468 nurr
1011 331 1169 468 'urta¹
1224 371 1464 468 nanrr
1514 377 1693 467 arur
1893 381 1976 496 54⁸

406 495 522 590 Regni
542 517 644 593 earnm
670 491 846 593 Vigenfirna
869 501 961 570 Nona
1048 505 1166 590 serra,
1193 503 1240 572 ·A
1279 499 1446 596 Annum,
1477 491 1786 580 Dccxxxvlss.
1836 496 1872 569 δι
1921 499 2043 572 DCC·¹

406 595 522 686 Mense
547 595 728 669 Decembrio
758 621 816 693 per
841 598 1020 670 Indifsr'one
1044 604 1165 673 Nona.

407 697 549 793 Spesiat
564 697 648 772 haec
666 697 710 770 ad
730 701 875 772 Annum
896 699 1027 775 Christi
1049 703 1165 774 DCC·

246 823 251 832 ·
406 799 488 872 itt..
515 797 597 870 dum
625 803 744 873 Lucae
770 799 931 898 usurpata
966 800 1074 876 suerit
1109 804 1166 874 In·

406 897 520 970 dibiio
556 899 949 998 Constantinopolitana
983 905 1003 975 b
1037 905 1168 978 Kalen·

406 995 463 1072 dis
499 1000 711 1096 Septembris
748 1001 949 1102 incipiens,
985 1021 1046 1078 aut
1071 1009 1168 1078 Con·

407 1097 619 1172 llantiniana
647 1107 689 1175 ab
718 1107 818 1178 vltt.
854 1103 1031 1178 Kalendas
1058 1103 1168 1176 outo.

409 1197 480 1271 bris
516 1201 682 1294 dcdubia.
720 1204 883 1304 Denique
908 1205 1015 1280 tertia
1050 1231 1168 1306 perga·

314 1373 320 1382 ,
409 1320 513 1374 mena
549 1304 718 1394 accedat,
754 1305 882 1405 scripta
907 1315 1078 1406 Regnanre
1104 1311 1170 1378 Dr·

1280 601 1604 689 titillacione,
1632 590 1827 672 Indiuio‘ni
1855 619 1966 671 nouae
1985 599 2042 670 lo·

1281 727 1360 776 cum
1387 697 1486 774 fuisse
1511 699 1644 776 sosium
1671 698 1868 798 Septembri
1895 696 2038 772 Mense.

1280 806 1399 895 Quare
1424 801 1487 875 ubi
1512 801 1596 874 haec
1623 800 1775 889 llatuas,
1811 799 1882 900 jam
1909 796 2039 872 fateare

1281 902 1412 977 necesse
1437 901 1509 993 est,
1536 902 1767 976 arcessendam
1793 899 1860 974 elle
1886 897 2040 999 ejusdem
2105 963 2118 992 ,

1281 1003 1473 1100 Hilprandi
1501 1003 1681 1103 Epocham
1711 1004 1755 1074 ab
1782 1003 1892 1073 Anno
1921 1000 2040 1098 potius

1283 1108 1534 1196 mcxxxv.
1570 1107 1674 1200 quim
1712 1105 1731 1174 b
1768 1103 2040 1175 Dccxxxvt.

1283 1204 1389 1278 Hisce
1415 1205 1612 1280 luminibus
1640 1203 1762 1276 saltem
1790 1221 1930 1289 utetur,
1960 1201 2041 1299 qui·

1283 1306 1375 1404 squis
1390 1304 1586 1380 accuratius
1601 1304 1835 1401 quaestionem
1855 1303 1944 1375 hanc
1964 1327 2040 1400 per·

409 1429 481 1474 rnna
521 1406 620 1492 nostro
657 1407 877 1504 Liurprand,
918 1410 963 1478 ti
1003 1407 1172 1504 Helprand¹
1216 1409 1246 1481 Β
1280 1406 1430 1480 traiiare
1457 1407 1571 1507 uelit3
1608 1433 1721 1504 neque
1753 1405 1850 1478 enirn
1885 1405 1978 1476 ultra
2003 1429 2040 1475 e·

411 1503 578 1600 Regibus,
605 1511 708 1578 Anna
738 1509 847 1604 Regni
871 1535 974 1579 eornm
999 1509 1171 1605 Trigestmo

406 1613 532 1700 prima,
568 1601 616 1683 &¹
652 1605 823 1699 Hailavo,
859 1611 893 1680 in
930 1609 1040 1702 Mense
1074 1609 1170 1680 Odiu-

410 1701 500 1795 bria,
529 1705 706 1779 indiilr'one
733 1713 790 1789 Xs.
818 1709 947 1796 Constat
974 1738 1021 1781 rne
1047 1695 1184 1780 Mauru'

410 1805 648 1903 Transpadana
680 1807 844 1882 habitatur
870 1811 903 1880 in
931 1810 1079 1882 Ciuitate
1113 1809 1169 1880 Pi·

403 1905 582 2000 stonense,
623 1933 740 2004 genera
780 1911 963 2003 Falicr'ffimi
1001 1907 1074 1986 &a
1114 1908 1172 1980 Est

253 2053 258 2064 ·
364 2053 374 2070 ·
412 2004 472 2080 hic
507 2011 635 2082 Annus
675 2011 894 2084 Dccxutt.
935 2008 957 2080 fi
1000 2007 1170 2082 Indiiiio·

412 2133 494 2182 nem
521 2134 650 2182 noram
678 2111 774 2184 ineas
800 2115 820 2183 b
847 2109 1063 2206 Septembri.
1101 2109 1172 2182 lni-

411 2207 505 2282 tium
534 2217 619 2284 vero
654 2210 786 2284 labium
823 2211 922 2285 suill'e
956 2211 1079 2284 eodem
1116 2213 1172 2284 Se·

412 2309 569 2484 ppembri
589 2311 712 2384 Mense
733 2309 926 2385 lndib'iioni
953 2309 992 2384 in
1012 2309 1173 2410 ipsalUr·
1209 2319 1243 2394 C

399 2449 404 2458 ·
490 2409 667 2505 Lucensr,
707 2411 828 2492 elicies
866 2438 910 2484 ex
946 2409 1081 2485 Charta
1120 2411 1174 2486 ibi

412 2511 542 2612 scripta
555 2517 663 2588 Anno
674 2512 805 2590 Christi
820 2515 1056 2586 uccttLvt.
1068 2539 1174 2610 quarn

1282 1504 1432 1606 jusmodi
1452 1507 1754 1600 tricisimmorari
1774 1504 1866 1580 mihi
1884 1504 1924 1578 in
1943 1529 2040 1604 prae·

1282 1607 1391 1682 sentia
1420 1627 1546 1683 vacat.

1334 1708 1452 1782 Redeo
1496 1709 1539 1783 ad
1579 1709 1748 1786 Chartam
1793 1705 2042 1782 Mediolanen-

1281 1809 1375 1898 sem,
1411 1811 1545 1908 inqua
1580 1838 1689 1910 quum
1726 1809 1823 1882 audis
1859 1835 1922 1907 pro
1948 1809 2041 1880 acci·

1283 1910 1411 2008 piendo
1449 1913 1589 1982 Maudio
1624 1909 1853 1984 scholasticae
1889 1908 2039 1982 ancillae

1284 2011 1423 2086 Solidos
1450 2011 1536 2086 duos
1563 2037 1684 2086 aureos
1706 2013 1741 2084 bc
1768 2009 1937 2082 semissem
1958 2005 2044 2082 fuis·

1284 2109 1318 2184 se
1352 2111 1567 2210 persolutor,
1604 2106 1851 2186 venumdatum
1889 2109 1954 2182 bac
1989 2135 2045 2181 ra·

1255 2212 1383 2286 ·tione
1411 2211 1578 2287 seminam
1615 2215 1791 2314 recogita.
1830 2209 2045 2284 Nam-acci·

1283 2339 1365 2414 pere
1405 2317 1613 2406 Munatium,
1649 2316 1743 2390 idem
1778 2312 1846 2386 hoc
1883 2311 1920 2402 in
1960 2311 2044 2382 loco

1270 2415 1410 2505 sonat,
1439 2435 1546 2514 atque
1572 2416 1728 2512 accipere
1753 2413 1806 2510 jus
1832 2415 1867 2482 δι
1895 2409 2045 2506 potesla-

1283 2533 1356 2589 tem
1389 2515 1428 2588 in
1464 2516 1585 2606 illam.
1621 2513 1727 2608 Quod
1755 2511 1777 2582 fi
1805 2502 2044 2584 commutatio

410 2613 547 2714 protuli
575 2613 614 2687 in
642 2615 823 2690 Differtat.
860 2617 1012 2686 xxxtt.
1038 2615 1079 2685 de
1103 2615 1176 2684 Ori·
1256 2607 1469 2730 ,Servorum
1504 2615 1655 2688 ineunda
1690 2630 1788 2698 erat,
1829 2607 1970 2682 eaedem
1998 2609 2043 2681 ab

407 2715 488 2812 gine
521 2715 668 2812 Linguae
704 2715 862 2806 Italicae,-
897 2717 931 2788 ἃ
959 2741 1002 2788 ex
1030 2703 1111 2788 aliis
1137 2713 1175 2787 in

412 2813 482 2886 boc
519 2813 595 2910 ipso
630 2820 747 2912 Opere
782 2814 987 2888 memoratis
998 2841 1011 2914 3
1049 2815 1176 2914 quibus

414 2911 616 3014 adjunblam
636 2918 721 2988 volo
742 2941 985 3016 pergamenam
1010 2915 1089 2992 illic
1107 2915 1174 2989 mi·

413 3011 454 3087 hi
481 3011 619 3105 visam,
652 3043 691 3089 ac
719 3013 886 3118 signatam
913 3026 1084 3116 Regnanre
1110 3023 1176 3090 Do·

413 3115 500 3188 rnr'no
526 3113 625 3202 nostra
651 3117 813 3204 Desiderio
839 3129 949 3216 Rege,
975 3117 1023 3198 ὅγ’
1041 3117 1120 3210 filio
1145 3146 1175 3189 e-

407 3213 467 3314 jus
493 3217 630 3290 Domino
656 3219 755 3308 nostro
780 3221 960 3308 adelchis,
986 3227 1089 3296 Anno
1109 3227 1177 3292 Re-

410 3318 474 3417 gm'
516 3345 618 3390 emm
658 3325 899 3417 Quanodecnno
938 3323 982 3394 Θ·
1024 3319 1174 3394 Duodeci-

288 3455 291 3469 ·
413 3443 484 3509 mo,
520 3425 576 3494 IV.
604 3423 774 3496 Kalendas·
796 3423 964 3513 oannis,
1001 3421 1177 3496 sudiiir'one

414 3521 529 3596 Noni.
555 3521 614 3596 Est
640 3521 699 3596 hic
718 3528 846 3600 Annus
869 3527 1084 3602 uchxx.
1104 3525 1174 3596 Ex·

414 3624 592 3720 ploratum
613 3623 708 3696 enim
736 3625 862 3700 habere
886 3649 942 3698 nte
968 3644 1078 3722 puto,
1106 3627 1175 3696 De·

416 3721 530 3794 fiderii
566 3723 808 3819 Epochamu
837 3731 997 3815 Regnum
1028 3723 1175 3800 initium

417 3820 567 3896 sumsisse
585 3829 695 3897 Anno
719 3825 850 3900 Christi
881 3827 1098 3900 Dect-vlt.
1118 3850 1178 3895 an·

417 3937 454 3994 te
489 3921 584 3997 diern
620 3930 716 3998 xxt.
753 3925 881 4001 Martii
917 3923 1070 4014 Mensis,
1106 3950 1180 3996 non

419 4042 536 4098 autem
577 4027 686 4100 Anno
727 4031 929 4104 DCCLVI.
970 4044 1012 4100 ut
1051 4023 1180 4123 Pagius

421 4124 576 4200 censuit.
604 4129 702 4224 Quid
730 4127 852 4229 plura?
880 4131 934 4202 Ex
962 4127 1042 4226 ipsis
1068 4126 1180 4202 Char·

378 4261 380 4264 ·
420 4228 469 4300 tis
495 4229 662 4308 bullenus
688 4230 840 4308 laudatis
875 4227 1113 4332 spesiantibua
1138 4228 1182 4306 ad

1282 2712 1531 2788 Ecclefiasticis
1560 2712 1647 2787 viris
1682 2712 1863 2786 cautiones'
1900 2707 2046 2783 adhibe.

1285 2817 1432 2904 bantur,
1460 2816 1579 2911 quales
1606 2815 1644 2889 in
1663 2810 1946 2887 commutatione
1965 2807 2056 2884 sun·v

1282 2914 1408 2990 dotum
1443 2913 1675 3013 exigebantur
1699 2915 1719 2984 b
1746 2911 1850 2986 sacris
1885 2909 2047 2986 Canoni-

1284 3017 1370 3102 bus,
1397 3017 1580 3114 praevium
1600 3013 1769 3088 videlicet
1788 3003 1963 3087 bonorum
1983 3010 2047 3084 bo·

1286 3115 1424 3191 minum
1444 3143 1591 3191 examen
1610 3117 1645 3188 bt
1666 3113 1883 3204 aestimatio,
1905 3131 1945 3188 ut
1963 3137 2046 3216 con.

1285 3217 1414 3308 staret,
1449 3244 1492 3292 erc
1529 3243 1573 3290 eo
1607 3213 1791 3290 contraiiu
1827 3217 2046 3288 emolumen-

1286 3337 1363 3392 tum
1374 3319 1486 3410 majus
1500 3319 1735 3392 obventurum
1752 3314 1944 3388 Ecclesrae.
1959 3319 2046 3411 Sup-

1288 3419 1464 3514 peditavit
1504 3417 1595 3494 mihi
1633 3415 1844 3492 ditissimum
1890 3417 2047 3488 Tabula·

1287 3519 1378 3592 rium
1410 3518 1626 3615 praelaudati
1656 3513 1940 3614 Archiepiscopii
1971 3515 2077 3588 Lu·'

1287 3615 1394 3694 censis
1413 3620 1584 3694 Chartam
1608 3617 1880 3722 autographam,
1907 3612 1969 3688 ubi
1993 3617 2047 3689 le·

1286 3723 1383 3822 gitur
1409 3721 1645 3796 commutatio
1671 3726 1856 3795 Servorum
1882 3713 1974 3789 satta
2001 3717 2047 3789 ab

1288 3825 1464 3921 Adalungo
1500 3823 1651 3920 Episcopo
1687 3821 1822 3912 lucense
1848 3817 1967 3914 (hunc
1996 3819 2048 3888 U·

1288 3923 1442 4024 ghellius
1478 3949 1655 4022 perperam
1687 3925 1894 4016 Adolenguru
1929 3918 2048 4018 appel·

1288 4026 1364 4124 lat)
1385 4025 1580 4124 imperante
1597 4027 1734 4100 Ottoue
1753 4029 1913 4121 Magno,
1939 4041 2046 4117 quam
2072 4097 2077 4106 ,

1288 4145 1483 4226 propterea.
1510 4123 1590 4200 heic
1625 4124 1665 4200 in
1700 4127 1864 4201 omnium
1904 4118 2047 4222 conspe·

1289 4228 1387 4306 ilum
1412 4224 1753 4330 expositam-uolui.
