4550 6072
309 393 436 517 sn
609 389 981 488 utssurnnmo
1021 391 1522 522 guntrannum.-
1741 409 1824 515 „a

298 513 555 620 Apographutn
582 517 763 609 Chartae,
801 517 905 616 quale
940 544 1007 620 ego
1045 531 1080 600 A
1118 515 1268 594 arbitrio
1308 537 1460 596 mortem
1498 513 1657 594 inferre.
1699 517 1884 600 Nimirum

247 622 398 720 accepi,
439 629 577 696 Annum
617 625 743 693 xxtn.
793 617 1006 717 praeferebat

246 721 446 800 Guaimarii
473 721 667 821 Principis.
702 725 836 796 Verium
861 723 885 796 fi
914 723 1006 798 telle

246 827 424 904 Camillus
453 825 672 926 Peregrinius
700 826 855 898 rationes
882 823 1005 901 subdu·

247 930 330 1020 uit,
357 925 576 1000 scribendum
596 927 665 1000 erit
683 935 787 1002 Anno
807 932 900 1002 Xlll.
931 932 1006 1004 Nu·

246 1057 308 1132 per
334 1055 418 1104 vero
444 1029 632 1104 memorati
660 1035 891 1127 Imperatores
919 1031 1007 1104 Dio·

237 1130 420 1208 ·cletianus
446 1135 480 1205 u
520 1130 765 1205 Maximianus
804 1133 1007 1232 parentibus

245 1233 460 1308 venumdare
483 1233 613 1306 liberos
639 1231 717 1308 suos
740 1234 957 1310 interdixere
984 1238 1008 1309 l.

247 1334 378 1408 Liberos
403 1333 529 1409 Codic.
555 1333 737 1425 Justinian.
762 1338 803 1408 de
833 1336 1009 1433 patribus,

1120 621 1291 718 pecudum
1334 645 1434 698 more
1482 619 1676 696 habebatur
1715 627 1886 698 Servum

1124 725 1308 825 Populua3
1334 725 1369 798 δι
1398 745 1614 822 quamquem
1652 722 1738 798 illos
1773 727 1887 826 pluris

1120 829 1227 924 qulm
1263 825 1410 926 pecudes
1446 824 1698 916 aellimarent,
1717 829 1814 924 quod
1839 857 1884 908 ex
1945 917 1947 922 ι

1121 929 1166 1004 iis
1194 929 1293 1028 plura
1312 931 1553 1006 emolumenta
1574 928 1808 1027 colligerent,
1827 958 1886 1008 ae.

1121 1057 1190 1128 que
1229 1047 1349 1104 temen
1389 1048 1495 1130 etque
1534 1029 1572 1104 in
1616 1030 1743 1103 bovem
1777 1033 1813 1104 δι
1850 1060 1888 1116 t·

1121 1159 1231 1230 quum
1249 1187 1260 1226 ,
1280 1144 1357 1208 eret
1376 1131 1545 1209 Dominis
1568 1133 1623 1233 jus
1642 1130 1739 1204 vitae
1762 1135 1799 1206 &
1825 1161 1887 1209 ne·

1123 1237 1239 1310 eisin
1266 1233 1446 1336 mancipia
1472 1235 1531 1310 sua
1558 1232 1738 1330 utriusque
1764 1233 1885 1310 sexus.

1122 1338 1289 1413 Co'e'reita
1313 1330 1457 1411 demum
1483 1335 1553 1412 fuit
1589 1336 1731 1409 decreto
1765 1339 1887 1412 Anto·

247 1439 304 1534 qui
320 1435 413 1530 filios
440 1435 512 1517 &a
538 1437 789 1512 Constantinus
814 1458 934 1516 tamen
960 1443 1010 1514 al·
1048 1449 1076 1520 B
1122 1441 1202 1516 nini
1244 1437 1302 1514 Pii
1338 1438 1493 1514 enormis
1533 1437 1617 1512 haec
1657 1436 1885 1514 dominorum

249 1559 323 1613 tera
350 1542 445 1638 Lege
472 1539 620 1614 eundem
647 1539 746 1620 ulum
774 1539 1009 1644 restauravit3

248 1653 354 1738 etque
380 1639 485 1713 illum
511 1639 625 1742 postea
650 1641 713 1716 diu
748 1641 787 1716 ln
815 1643 921 1716 ltalia
958 1645 1010 1718 vi·

246 1741 357 1844 guilla
381 1741 532 1816 ostendit
558 1749 636 1818 Lex
671 1749 718 1816 V.
745 1741 925 1820 Ludoviei
953 1745 1011 1820 Pii

247 1846 343 1916 inter
381 1845 687 1945 Langobardieas3
729 1844 768 1918 in
804 1873 874 1944 qua
911 1845 1011 1920 Prin·

187 1983 189 1988 ·
248 1971 328 2043 ceps
363 1943 629 2020 humanillimus
665 1971 741 2018 eam
787 1947 1011 2020 cosuetudi-

247 2071 330 2123 nem
358 2045 602 2146 improbatae
629 2047 752 2139 tollit,
772 2045 950 2139 llatuens,
975 2068 1012 2120 ut

249 2148 413 2218 ohortnlae
438 2145 644 2244 obligationis
669 2153 709 2222 de
737 2147 878 2248 fingulis
912 2150 1010 2221 bomi-

249 2246 348 2325 nibus
371 2246 504 2339 fat‘lae,
530 2252 586 2344 qui
604 2251 666 2342 se,
693 2271 882 2322 autunum
908 2276 1010 2321 eorum

1123 1541 1294 1644 potestas3
1322 1563 1404 1616 nant
1431 1559 1472 1616 ut
1499 1541 1551 1615 ait
1577 1543 1655 1614 Lex
1698 1539 1812 1639 prima
1841 1543 1885 1639 ff.

1122 1649 1162 1716 de
1186 1647 1259 1735 bis,
1285 1645 1342 1740 qui
1369 1643 1427 1738 sui
1451 1643 1506 1716 uel
1538 1641 1641 1716 alieni
1674 1637 1761 1734 juris
1779 1643 1885 1739 sunt,

1124 1745 1193 1822 stre
1218 1747 1328 1822 Ca'us
1355 1745 1438 1822 Lib.
1475 1749 1504 1820 1.
1543 1743 1696 1818 Institut.
1721 1745 1775 1820 bnt
1807 1765 1888 1816 tern-

1121 1871 1194 1944 pore
1221 1774 1322 1920 nullis
1347 1843 1554 1936 bominibus,
1581 1847 1637 1942 qui
1665 1843 1729 1937 sub
1755 1849 1888 1943 imperit

1124 1957 1270 2018 Romane
1289 1948 1392 2037 sunt,
1418 1947 1492 2018 licet
1520 1947 1620 2042 supra
1655 1948 1805 2038 modum,
1839 1947 1887 2026 ἔθ’

1115 2047 1188 2133 stne
1225 2048 1339 2140 caused
1369 2047 1497 2148 legibus
1532 2047 1659 2144 cogniti
1699 2047 1734 2118 in
1771 2053 1889 2121 servu

1116 2149 1191 2244 suos
1207 2147 1358 2242 saeuire.
1382 2155 1471 2222 Nam
1493 2177 1532 2222 rx
1552 2148 1782 2234 Constitutione
1801 2151 1889 2222 Diui

1122 2252 1289 2323 Antonini
1313 2249 1460 2348 quisine
1485 2252 1594 2342 causari
1628 2255 1764 2322 Servum
1791 2253 1888 2344 snum

250 2369 306 2426 aut
324 2346 418 2440 filios
443 2351 498 2420 vel
516 2349 613 2441 filias
640 2352 674 2422 in
695 2351 835 2442 servitio
868 2352 1009 2426 tradidt·
1047 2359 1078 2430 C
1123 2353 1292 2444 occiderit,
1333 2377 1396 2424 non
1434 2351 1541 2424 minus
1579 2350 1694 2446 puniri
1725 2349 1886 2445 jubetur,

1122 2458 1216 2552 qudrn
1235 2455 1292 2551 qui
1308 2451 1449 2527 alienum
1469 2459 1605 2526 Servum
1624 2451 1791 2527 occiderit.
1817 2461 1888 2552 At·
1988 2511 1991 2528 .

1121 2571 1189 2657 que
1218 2555 1298 2632 lteic
1334 2555 1451 2628 multo
1491 2553 1637 2656 aequius
1671 2553 1776 2628 nobis
1809 2559 1889 2631 lau.

1121 2658 1234 2732 danda
1258 2655 1486 2732 Constantini
1505 2653 1638 2758 Magni
1661 2653 1794 2753 pietas,
1823 2659 1887 2757 qui
1931 2659 1946 2677 ⁴

1122 2759 1183 2834 ubl
1203 2758 1245 2838 ad
1265 2757 1483 2834 mansuetam
1503 2754 1635 2834 Christi
1658 2758 1886 2859 Religionem

250 2452 341 2539 tint,
368 2447 427 2520 ubi
462 2451 613 2524 inventae
634 2452 757 2542 fuerint
787 2455 1010 2550 frangantur,

250 2551 296 2632 &
316 2551 386 2636 sint
410 2549 531 2644 liberi,
560 2553 645 2639 stent
678 2557 829 2650 primitus
859 2557 1009 2647 fuerint.

251 2651 447 2728 Piilstmum
475 2653 655 2730 Ludovici
681 2655 867 2730 confilium
894 2656 933 2730 in
960 2658 1009 2730 el·

249 2773 322 2830 teta
364 2755 486 2838 saltem
523 2775 621 2856 parte
661 2755 824 2855 loquutus
859 2756 933 2849 est,
973 2760 1010 2832 δι

249 2855 476 2930 confirmavit
504 2859 696 2934 Lotbarius
724 2863 752 2930 1.
772 2860 853 2954 «ejus
881 2857 1009 2934 succes·

250 2953 305 3028 lot
331 2955 369 3030 in
397 2960 493 3054 Lege
529 2956 664 3052 prima.
700 2956 756 3026 Ibi
791 2957 890 3026 Liber
924 2961 1012 3028 hmo

243 3054 280 3146 se
306 3055 406 3150 ipsunt
431 3060 475 3128 ad
495 3054 667 3146 seruitium
692 3053 852 3150 implicare
874 3075 933 3149 pre
950 3055 1011 3125 ali.

249 3154 366 3254 quibus
390 3157 500 3249 cauffis
517 3155 663 3245 finitur,
685 3181 782 3230 uxor
802 3157 886 3230 verb
913 3154 1012 3229 illius

1122 2861 1281 2938 animum
1309 2858 1475 2948 addixit,
1509 2863 1531 2932 ὲ
1565 2857 1713 2960 uestigio
1747 2879 1888 2936 tautam

1122 2962 1386 3036 immanitatem
1423 2960 1620 3036 sursmovir
1656 2963 1753 3036 Lee
1789 2965 1887 3057 latl,

1122 3072 1191 3152 que
1216 3061 1300 3132 Lib.
1323 3063 1385 3131 Ill.
1404 3062 1532 3138 Cedit.
1551 2987 1784 3138 Thestiaden.
1807 3067 1887 3142 Tit.
1956 3133 1960 3142 .

1126 3160 1206 3230 llll.
1240 3160 1280 3230 de
1315 3160 1530 3232 emendatione
1563 3171 1732 3233 sertorum
1771 3166 1887 3263 prima

249 3283 290 3330 ac
317 3257 424 3331 liberi
453 3259 487 3328 in
514 3255 662 3328 libertate
683 3280 865 3352 permanere
891 3257 1009 3356 juben·
1053 3269 1083 3335 D
1124 3257 1193 3332 est.
1233 3261 1267 3331 Is
1293 3257 1558 3358 castigationem
1593 3261 1739 3359 quidem
1771 3265 1888 3342 delira.

250 3375 328 3432 tur.
355 3357 486 3432 Eadem
512 3355 644 3456 repetit
685 3358 780 3431 idem
818 3361 1013 3458 Imperator
1123 3358 1309 3458 quentium
1338 3358 1515 3458 permifit,
1541 3359 1598 3436 sed
1633 3387 1732 3436 reum
1768 3362 1887 3444 homi.

249 3459 443 3536 Lotltarius
463 3487 527 3558 pro
548 3457 670 3534 uxoris
691 3458 856 3534 libertate
882 3459 921 3534 in
945 3465 1012 3535 Le·
1123 3459 1211 3536 cidii
1231 3459 1351 3536 statuit
1369 3463 1566 3560 quemlibet
1591 3463 1788 3539 Dominum
1811 3473 1887 3545 Ser.

206 3570 210 3579 '
250 3587 292 3660 ge
321 3567 379 3658 87.
408 3561 540 3636 Nihilo
578 3581 695 3639 tamen
737 3559 847 3636 setius
882 3562 1014 3638 caenae
1092 3547 1172 3638 'vo
1198 3562 1259 3640 suo
1286 3583 1438 3640 mortem
1454 3567 1624 3666 volum
1647 3570 1810 3640 occidendi
1830 3573 1886 3642 ho.

249 3663 426 3741 interdum
455 3663 559 3762 justae
579 3661 831 3754 occurrebant,
855 3663 901 3736 ob
929 3691 1013 3763 quas
1123 3665 1219 3736 minis
1243 3664 1483 3742 inferentem.
1509 3668 1606 3740 Inter
1629 3673 1745 3770 Leges
1770 3670 1889 3745 Athe·
1946 3705 1951 3716 ·

247 3763 353 3836 liberi
381 3792 401 3836 a
429 3766 585 3864 patribus
620 3765 937 3855 venundabantur,
974 3794 1013 3840 nc
1122 3765 1316 3864 nienfium,
1350 3767 1426 3844 uti.
1445 3767 1652 3844 Plutarchus
1687 3791 1884 3868 memorat,

249 3863 433 3963 praecipue
469 3863 574 3942 famis
609 3883 798 3963 tempore.
836 3862 1014 3942 Describit
1122 3868 1334 3967 monuitque
1378 3871 1518 3944 Samuel
1555 3873 1691 3970 Potitus
1727 3873 1811 3948 Lib.
1848 3903 1883 3976 3.

248 3965 440 4040 Gaufridus
460 3969 652 4042 Malaterra
674 3967 758 4044 Lib.
780 3973 807 4042 Ι.
834 3972 923 4068 Cap.
953 3993 1014 4070 27.
1123 3971 1201 4046 Tit.
1228 3975 1263 4047 6.
1289 3971 1328 4044 iu
1355 3975 1561 4046 Comment.
1587 3972 1630 4046 ad
1665 3978 1779 4073 Leges
1815 3981 1886 4052 At.

251 4067 383 4142 Histor.
405 4072 601 4144 Normann.
621 4069 842 4144 teterrimam
862 4069 1014 4163 famem,
1122 4073 1238 4160 ticos,
1263 4073 1462 4148 recensetur
1495 4075 1530 4146 dt
1566 4072 1649 4168 issa:
1686 4077 1798 4148 servu
1827 4077 1885 4170 jur

250 4196 339 4266 quae
364 4173 475 4244 Anno
501 4175 683 4246 MLvttt.
725 4171 929 4246 Calabriam
965 4172 1014 4248 af·
1054 4177 1083 4246 E
1121 4175 1181 4262 ello
1207 4175 1359 4246 Dominus
1384 4174 1669 4272 iniquosedigrre,
1696 4197 1734 4246 ut
1745 4179 1781 4268 se
1803 4203 1884 4250 ven·

250 4270 369 4348 llixit.
395 4277 501 4348 Tunc
528 4291 687 4372 parentes
717 4273 792 4364 sues
825 4273 943 4348 liberos
977 4285 1015 4346 ee

249 4375 450 4470 ingenuitate
473 4396 647 4472 procreatos
670 4376 739 4448 uili
762 4375 863 4472 pretio
890 4378 924 4450 in
946 4377 1013 4468 ser·

249 4478 386 4548 vitutem
403 4475 664 4552 venumdabant.
692 4475 776 4552 Fuit
797 4495 914 4553 autem
943 4483 1013 4555 Ro·

235 4576 389 4665 manis,
417 4577 566 4677 aliisque
586 4579 755 4679 Populis‚
781 4577 864 4656 dum
885 4579 1012 4656 Etbni·

248 4705 289 4754 ea
315 4678 557 4779 superstitione
582 4699 814 4772 tenerentur,
847 4699 947 4756 tanta
973 4683 1013 4758 in

248 4785 374 4856 Servos
400 4781 478 4855 suos
504 4783 677 4882 potestas,
704 4799 745 4860 ut
771 4781 810 4856 in
846 4811 905 4859 eos
941 4811 1012 4860 non

244 4881 369 4984 ¹flagris
404 4882 540 4978 solltm,
575 4885 830 4980 compedibus,
863 4887 1013 4985 aliisque

248 5002 507 5060 tormentorum
551 4987 734 5088 generibus
772 4985 903 5064 saevire
939 4993 1013 5062 Do·

249 5087 350 5170 mino
377 5085 428 5166 fas
453 5089 562 5182 effer,
600 5088 656 5164 sed
693 5089 802 5170 etiam
838 5090 914 5170 illis
944 5119 1012 5192 pto

1120 4280 1203 4349 dant
1227 4274 1488 4350 humanioribus.
1516 4279 1564 4352 Et
1588 4301 1801 4376 quamquam
1838 4305 1883 4359 ex

1123 4377 1278 4478 Legibus
1303 4403 1445 4477 quoque
1467 4379 1662 4469 Romanis,
1682 4399 1767 4480 puta
1792 4405 1836 4456 ex
1857 4385 1882 4459 l.

1120 4480 1160 4552 Si
1184 4480 1393 4576 dontinusff.
1419 4483 1461 4553 de
1483 4481 1536 4552 his
1573 4482 1629 4576 qui
1657 4481 1737 4574 sui,
1763 4485 1820 4556 uel
1844 4513 1884 4557 a·

1118 4583 1201 4654 lieni
1227 4579 1300 4660 &a
1320 4583 1363 4654 ·&
1387 4607 1434 4656 ex
1459 4579 1542 4656 aliis
1568 4583 1725 4683 Legibus
1744 4585 1782 4658 in
1807 4589 1883 4660 Co·

1119 4683 1197 4758 dice
1232 4683 1446 4774 Jullinianeo
1482 4682 1631 4774 relatis,
1668 4685 1881 4762 inhumanus

1089 4789 1236 4860 'Herus
1277 4789 1422 4860 Seruum
1470 4785 1621 4858 vendere
1669 4805 1877 4885 cogeretur:

1119 4905 1275 4962 attamen
1312 4887 1472 4978 condat,
1508 4887 1614 4983 longe
1654 4886 1878 4960 humaniores
1932 4947 1936 4954 .

1120 4987 1157 5062 in
1178 4992 1302 5064 Serum
1316 4987 1416 5064 tuisse
1433 4985 1562 5086 priscos
1577 4991 1751 5080 Graecos,
1771 4987 1879 5084 quam

1092 5093 1328 5183 pilotusum,
1352 5089 1408 5166 uti
1434 5089 1517 5166 aliis
1541 5089 1878 5292 exemplisgppugse·
1956 5127 1970 5138 ·
