4540 6062
451 353 543 480 ‘575
744 361 941 456 nure
976 294 977 298 Ὗ
1015 361 1154 453 urs.
1214 355 1454 454 usust
1504 359 1685 454 asur

1880 381 1969 485 676

393 481 542 556 Maximi
565 479 748 580 Consessris
783 487 930 558 Domini
950 512 989 558 ns
1017 485 1046 556 ri
1071 482 1155 578 Jesu
1190 483 1224 556 A
1259 481 1329 568 frus
1363 481 1518 574 Lansridi
1530 533 1543 566 ‚
1577 485 1724 584 quemodo
1762 482 1810 555 ibi
1840 485 1926 582 sepis
1959 483 2029 572 ιβ,·

395 584 535 672 Chrisii.
574 593 669 660 Nunc
701 605 807 659 eutem
845 615 963 685 qusque
997 588 1155 659 Dsmisus

394 686 535 783 largitus
557 689 602 778 ιβ
626 687 706 760 mihi
731 688 793 785 ipsi
824 689 962 774 Ecclesie
993 711 1050 786 per
1075 690 1156 762 bant

395 787 585 886 offersionem
608 792 721 864 devere
754 791 869 863 mentis
899 791 1009 888 efferre
1032 789 1155 876 defide-

395 915 451 974 rs,
477 893 560 964 unde
585 893 739 964 credimus
763 897 811 967 ed
836 893 902 966 Dei
935 891 1156 990 omnipotentis

395 991 638 1084 misericerdiam
675 1016 858 1088 peruenere.
899 996 1043 1066 Primum
1083 993 1154 1089 qui·

394 1093 465 1166 elem
491 1095 586 1186 offers
621 1093 682 1190 ι’ρβ
717 1095 852 1181 Ecclsste
881 1093 933 1168 uti.
957 1094 1155 1170 deservien-

395 1193 539 1270 dum&
571 1196 710 1270 laudem
749 1197 910 1272 Domino
944 1196 1156 1298 reddendum

396 1297 529 1372 Pueros
548 1295 634 1388 hos,
655 1297 717 1396 qui
738 1296 855 1373 subter
874 1300 1058 1398 leguntur.
1078 1301 1157 1372 Hec

1266 581 1314 664 (ι’
1339 585 1488 656 desistunt
1516 587 1643 684 inipso
1672 585 1820 685 pariere,
1854 611 1944 683 quem
1970 609 2028 657 nse

1266 684 1407 772 misimus
1445 709 1526 758 retes
1566 689 1667 784 ipsam
1702 686 1844 774 absidam
1879 689 1919 760 de
1958 685 2028 782 ipsu

1266 787 1406 875 Ecclesia
1429 789 1544 861 Seruili
1569 790 1736 864 llsauimi.
1772 793 1822 859 Es
1847 789 1923 860 inde
1945 811 2027 882 que-

1267 889 1342 961 liter
1369 890 1434 988 ipse
1456 883 1563 988 paries
1587 889 1753 986 edificatus
1776 889 1821 978 ιβ
1843 912 1901 987 per
1924 888 2027 960 deris-

1267 1011 1360 1074 sunr,
1395 990 1593 1088 descendente
1617 995 1711 1091 usque
1745 992 1780 1063 in
1806 991 1908 1090 ipsam
1938 989 2027 1084 peio-

1269 1120 1332 1164 rem
1356 1092 1460 1185 finem
1492 1097 1533 1166 de
1567 1095 1633 1191 ipss
1664 1093 1785 1191 pariere
1797 1139 1809 1176 ,
1843 1092 1900 1189 qui
1932 1089 2028 1162 venit

1266 1197 1308 1266 ab
1334 1195 1399 1291 ipss
1432 1194 1592 1268 viridario
1626 1197 1724 1284 uesieu
1748 1224 1770 1268 a
1797 1195 1893 1290 super
1926 1193 2027 1291 ipsam

1268 1293 1428 1382 fisiulam
1453 1293 1583 1390 cessante
1609 1285 1686 1369 inde'
1707 1300 1785 1368 dues
1815 1295 1932 1391 pedes.
1968 1301 2028 1369 ln·
2054 1313 2058 1321 ·

388 1395 470 1492 sunt
493 1399 621 1472 nemina
655 1425 782 1471 esrum:
815 1399 990 1489 Johanues
1026 1401 1159 1473 Disco·-
1202 1413 1230 1484 Β
1261 1397 1319 1490 sra
1343 1397 1401 1470 bas
1426 1419 1530 1471 eutem
1557 1395 1644 1490 fiaes
1670 1399 1704 1469 in
1730 1397 1886 1493 integrum
1911 1415 2028 1470 terrun

394 1523 488 1586 num,
516 1499 611 1591 filius
645 1499 795 1598 Ursiperti
819 1504 859 1574 de
885 1501 1074 1584 Valentino,
1110 1498 1158 1580 ῥ’

395 1601 484 1674 elius
499 1601 673 1690 Johannes
689 1602 928 1678 Subdiaconus
940 1659 951 1695 ‚
960 1602 1059 1696 fitius
1077 1610 1159 1676 Les-

396 1701 470 1784 nis,
501 1702 743 1802 Liutprnndus
770 1706 1009 1780 subdiaconus
1029 1706 1073 1778 de
1098 1705 1159 1778 Li-

394 1803 513 1885 huria,
532 1803 629 1894 fitius
655 1804 809 1902 Liupers,
837 1812 1044 1907 Emepectus
1073 1808 1159 1881 cre-

394 1901 513 1994 sicus,
524 1905 682 1996 filius...
707 1908 906 2004 Sidepertus
918 1965 928 1994 ,
940 1909 1038 1999 filius
1055 1914 1158 1980 Mau-

393 2004 427 2078 ei
459 2007 500 2076 de
533 2007 649 2088 Saltu,
687 2009 808 2101 Lupus
842 2010 1034 2091 Clericus,
1069 2035 1158 2106 quem

391 2106 506 2178 datum
530 2106 628 2180 habui
651 2111 691 2180 de
711 2107 799 2199 filiis
823 2111 1002 2200 Aunesis,
1031 2111 1076 2182 θ
1101 2115 1155 2184 Α·

390 2205 564 2305 suipertus
599 2209 760 2284 Clericus
794 2214 834 2282 de
868 2211 1030 2294 Liburia,
1058 2211 1156 2304 filius

1268 1499 1361 1571 illam
1385 1526 1453 1572 cum
1478 1497 1554 1585 casis
1573 1500 1645 1593 suis
1669 1502 1714 1570 ti·
1738 1524 1805 1570 cerm
1831 1497 1896 1595 ipss
1918 1495 2026 1594 perie-

1268 1619 1299 1671 ιι
1323 1619 1404 1672 retes
1429 1601 1529 1698 ipsam
1554 1600 1696 1688 sbsrdsrn
1730 1601 1765 1672 in
1792 1599 1861 1696 ipsa
1886 1599 2026 1686 Ecclesia

1268 1701 1402 1796 sfferui.
1438 1704 1535 1775 illam
1568 1727 1642 1775 vero
1676 1722 1792 1776 terrent
1817 1699 1865 1782 &
1889 1726 2025 1776 vacuum

1267 1829 1336 1874 sum
1360 1801 1482 1896 edificio
1500 1805 1579 1896 sue,
1614 1805 1697 1902 quud
1720 1801 1764 1892 ιβ
1787 1807 1827 1874 de
1852 1801 1912 1890 isla
1932 1823 2025 1901 perte

1266 1906 1306 1973 de
1332 1903 1398 1996 ipss
1429 1907 1575 2000 pariete,
1610 1906 1665 2003 qui
1699 1927 1780 1976 retes
1815 1901 1915 2000 ipsam
1940 1904 2024 1993 absi-

1265 2005 1342 2078 dam
1366 2003 1433 2092 ιβ,
1460 2005 1495 2076 in
1521 2005 1650 2094 nostra,
1684 2007 1741 2076 vel
1773 2009 1813 2078 de
1838 2006 1947 2094 nuslris
1970 2011 2025 2080 le-

1266 2103 1395 2178 redibus
1419 2104 1652 2195 reservavimus
1684 2107 1858 2202 pmeslase:
1893 2107 2025 2180 iutuitu

1266 2207 1392 2304 quidem
1425 2205 1542 2281 babeat
1576 2208 1645 2306 ipsa
1679 2207 1818 2294 Ecclesia
1842 2203 1889 2284 &¹
1914 2215 2025 2280 Sacer-

391 2309 558 2404 Carungi.
595 2310 727 2394 insimul
752 2309 801 2390 ά*
825 2315 865 2386 de
891 2317 981 2386 rebus
1006 2314 1083 2385 meis
1109 2317 1157 2396 ibi
1194 2317 1226 2389 C
1268 2315 1354 2380 detes
1379 2307 1476 2406 ipsius
1501 2338 1522 2383 u
1544 2330 1637 2407 parte
1671 2309 1740 2406 ipse
1764 2311 1804 2380 de
1840 2306 1911 2403 ipsa
1944 2310 2026 2382 Pla·

391 2409 519 2491 obtuli,
550 2436 609 2508 que
628 2413 737 2504 subter
771 2417 919 2512 leguntur
932 2444 954 2504 ;
988 2414 1066 2504 idesl
1090 2436 1154 2488 ter·
1266 2431 1343 2491 tea,
1378 2410 1435 2482 uhi
1461 2409 1522 2507 ipsi
1546 2412 1690 2484 Cascelli
1710 2409 1807 2508 pafiti
1834 2410 1941 2501 sunt.
1979 2415 2028 2482 Et

392 2533 462 2586 ram
493 2533 551 2608 per
584 2515 747 2586 circuitum
783 2517 880 2612 ipsius
915 2515 1049 2602 Ecclesie
1061 2567 1074 2600 ,
1110 2518 1156 2588 U·

393 2611 506 2706 susas,
534 2617 673 2710 qualiter
698 2615 841 2708 edificate
861 2619 1031 2712 sunt'sum
1057 2625 1156 2690 Curre

387 2711 473 2805 sess,
500 2711 547 2792 (ι’
574 2736 658 2789 terra
682 2745 785 2790 vacua
810 2749 831 2789 a
850 2721 945 2814 super
970 2717 1070 2812 ipsam
1090 2723 1155 2786 Ει-

392 2813 542 2898 cleliam,
579 2843 641 2886 uns
667 2819 821 2898 tenieuse,
856 2845 915 2912 que
948 2819 1042 2888 babet
1072 2813 1155 2903 fines

391 2941 415 2986 u
433 2913 547 3005 subtus
571 2941 646 3008 erga
666 2916 821 3010 parietem
853 2921 894 2988 de
926 2915 993 3008 ipss
1025 2915 1156 2988 virida-

390 3013 439 3084 ris
465 3013 562 3100 nsslro
585 3017 662 3084 duas
695 3017 788 3110 pedes
821 3015 864 3090 ab
898 3019 1001 3088 eodem
1038 3017 1155 3095 saeiete

390 3109 524 3207 cesante
536 3163 548 3198 ,
585 3115 629 3186 θ
667 3136 724 3211 per
761 3116 881 3188 exiente
922 3118 956 3188 in
996 3119 1153 3202 alateum,

390 3239 450 3312 que
487 3215 615 3288 deducit
648 3217 694 3288 ad
728 3222 857 3291 Portam
889 3222 931 3290 de
965 3219 1153 3314 Rlsler

391 3313 511 3390 abinde
544 3315 677 3404 saliente
702 3346 724 3391 a
749 3319 850 3415 sapite
884 3323 924 3392 de
961 3321 1030 3414 ipsa
1055 3321 1151 3404 casa,

390 3441 485 3515 quam
510 3419 723 3516 Guslpestus
750 3425 875 3495 Servus
901 3421 1012 3496 noster
1046 3419 1096 3494 ili
1119 3450 1153 3492 ι-

390 3516 543 3611 dificavit
574 3542 631 3616 per
664 3523 767 3594 latera
800 3549 876 3617 erga
910 3524 1009 3618 ipsam
1034 3523 1150 3608 viam,

392 3643 452 3718 que
476 3622 604 3692 deducit
628 3624 673 3692 ad
697 3627 798 3702 calam
822 3627 863 3696 de
888 3624 1077 3710 Rcteusibus
1103 3623 1151 3704 ιβ’

391 3721 527 3804 ueteris„
548 3721 606 3818 qui
632 3721 701 3792 illie
726 3724 900 3808 babitans,
926 3731 1074 3822 qusmsds
1101 3728 1153 3824 ip-

384 3823 547 3917 sem..
574 3821 741 3906 discernis,
770 3821 818 3902 ἄν
844 3825 975 3910 saliente
994 3827 1056 3918 sub
1080 3828 1152 3919 sasas

392 3927 433 3998 de
460 3921 550 4016 filiis
582 3924 766 3996 Auderami
778 3972 790 4008 ‚
832 3925 880 4006 &²
917 3927 1058 4000 revolvit
1094 3949 1153 4025 per

392 4025 494 4124 ipsam
518 4023 630 4106 viam,
657 4024 702 4094 (θ’
734 4025 867 4110 saliente
892 4029 984 4126 usqne
1012 4029 1075 4122 sui
1097 4058 1153 4103 ιι·

387 4127 430 4220 sa
456 4125 610 4222 Fs‘lipemi
626 4122 700 4216 filii
726 4129 898 4212 Eelesuni,
923 4133 1061 4228 qualiter
1083 4159 1153 4204 ens·

380 4229 435 4298 ds
457 4229 522 4316 case
548 4225 645 4311 neslre
671 4225 721 4298 ibi
744 4229 889 4321 edrsicate
909 4231 1007 4322 siem,
1034 4235 1078 4306 θ’
1099 4234 1152 4324 se-

390 4347 447 4425 pes
471 4353 546 4424 erga
571 4325 671 4422 ipsam
695 4329 786 4402 viam
798 4379 811 4412 ,
837 4327 885 4412 &¹
905 4333 1153 4425 serslatumsa-

394 4425 482 4502 ilum
506 4427 549 4513 ιβ
562 4456 583 4516 ,·
611 4427 659 4504 &²
682 4431 724 4499 de
745 4431 885 4526 superna
906 4456 998 4532 parte
1021 4437 1061 4508 de
1087 4437 1153 4532 ipss

393 4549 498 4600 manre
518 4525 620 4618 finis,
648 4529 730 4598 idem
756 4534 888 4604 auditus
904 4565 935 4609 -a
959 4537 1029 4628 casa
1055 4537 1152 4632 ipfius

392 4628 551 4726 Filipem·
569 4633 613 4701 Θ
638 4627 801 4700 Madelmi
817 4629 892 4722 filii
911 4635 1078 4718 Donadei,
1104 4635 1153 4717 &¹

262 4765 296 4810 ,·
376 4729 566 4821 ·Gaudesssi
581 4775 599 4823 ‚·
626 4729 674 4812 &¹
709 4729 864 4824 Lansridi
889 4733 964 4826 filii
997 4737 1153 4820 Laduli,

385 4833 471 4919 ficut
495 4839 540 4906 θ’
566 4835 640 4907 inde
659 4835 745 4928 sepis
769 4835 943 4923 disceruit,
968 4839 1013 4910 θ’
1032 4839 1153 4931 βιιΙι-

391 4955 460 5008 tum
490 4933 616 5026 safium
644 4937 737 5028 suis.
775 4943 825 5010 De
858 4939 926 5014 alis
947 4947 1031 5013 versv
1056 4943 1154 5015 latere

392 5037 592 5130 descendente
619 5041 683 5138 sui
716 5041 783 5142 ipss
815 5041 928 5119 andito
950 5069 973 5120 u
996 5048 1068 5146 casa
1101 5041 1154 5143 ip-

1266 2509 1357 2584 nsbis
1383 2507 1431 2590 &
1457 2509 1569 2600 nsslris
1594 2512 1757 2584 heredibus
1791 2510 1885 2581 liceat
1911 2510 2025 2583 introi-

1264 2637 1297 2682 re
1322 2611 1357 2682 in
1383 2611 1483 2703 ipsam
1508 2609 1677 2694 Ecclesiam
1703 2613 1743 2680 de
1778 2607 1837 2696 isla
1868 2613 2027 2705 putredo

1264 2710 1334 2803 ipsa
1357 2707 1428 2798 case
1454 2711 1556 2794 ueslra
1568 2753 1580 2788 ,
1606 2707 1665 2780 ubi
1690 2707 1754 2802 ipse
1778 2707 1912 2780 unditus
1936 2715 2029 2783 mado

1262 2806 1332 2894 ιβ,
1367 2806 1531 2902 usquead
1560 2807 1660 2902 ipsam
1696 2808 1860 2904 Regiam,
1893 2831 1954 2904 quc
1990 2811 2028 2884 in

1264 2907 1333 3004 ipsa
1359 2907 1498 2994 Ecclesia
1523 2906 1673 3000 edificata
1698 2907 1761 2994 ιβ,
1791 2909 1825 2977 in
1856 2909 1932 3003 ipsa·
1944 2909 2025 3002 sub-

1262 3009 1334 3080 dita
1353 3007 1497 3103 subterra
1521 3011 1560 3080 ele
1586 3009 1655 3104 ipsa
1681 3007 1843 3094 Ecclefie,
1872 3009 1929 3080 uli
1953 3012 2025 3084 Al-

1264 3129 1333 3181 tare
1357 3109 1472 3185 sanus·
1504 3109 1720 3182 Bartholomei
1744 3108 1894 3206 Apsslsli
1928 3109 2022 3202 edifi-

1197 3219 1228 3288 ὓ
1262 3231 1366 3282 tatum
1392 3210 1454 3298 ιβ.
1479 3212 1646 3312 Simulque
1671 3211 1715 3284 Θ·
1738 3233 1795 3308 pet
1803 3261 1916 3286 ......
1946 3211 2022 3306 sffe-

1265 3311 1362 3384 rimus
1380 3311 1427 3384 ibi
1444 3334 1560 3384 serram
1569 3360 1581 3394 ‚
1601 3339 1658 3409 que
1676 3313 1857 3410 appellatur
1873 3309 1912 3382 de
1933 3317 2022 3384 Pass-
2040 3399 2041 3408 ἵ

1264 3415 1343 3486 dula
1368 3417 1413 3486 ad
1438 3413 1522 3511 ipsas
1547 3413 1706 3514 quercias,
1734 3413 1905 3510 capientem
1924 3413 2022 3504 semi-

1266 3517 1424 3588 nationem
1450 3514 1619 3586 modisrum
1644 3535 1798 3612 maruan,
1834 3511 1882 3594 (9·
1906 3511 1949 3600 ιβ
1975 3513 2023 3588 ibi

1264 3615 1423 3703 arbustum
1462 3619 1632 3690 vitatum.
1675 3617 1795 3718 Aliam
1826 3615 1946 3712 petiam
1979 3617 2024 3689 ad

1264 3718 1355 3790 Aisa
1383 3717 1579 3811 ,Moderasu
1614 3715 1734 3791 ailiam
1768 3737 1883 3788 terrm
1917 3719 1956 3788 de
1989 3717 2025 3788 lu

1265 3819 1386 3910 Pessna
1409 3822 1450 3892 de
1474 3817 1589 3890 mediis
1620 3821 1761 3900 duabus,
1796 3845 1855 3916 que
1890 3819 1932 3904 ιβ
1956 3823 2024 3892 θα»

1260 3919 1403 4014 sustine.
1438 3921 1558 3995 Aliam
1582 3941 1718 4001 terram,
1750 3945 1809 4020 que
1842 3918 2023 3995 nominatus

1263 4025 1309 4094 de·
1329 4023 1452 4115 Rosala
1477 4021 1647 4093 mediarum
1673 4023 1859 4102 duodecim,
1895 4016 1944 4098 (θ’
1968 4047 2024 4094 ar-

1193 4128 1222 4198 E
1264 4123 1385 4212 brasium
1410 4121 1458 4204 ἐφ’
1484 4121 1673 4212 castanetum
1698 4119 1746 4201 ιβ’
1771 4123 1958 4222 quercietum
1974 4121 2025 4209 ss·

1263 4253 1306 4298 ue
1343 4225 1582 4300 avellanetum.
1621 4225 1741 4298 odiam
1781 4247 1926 4305 terrum,
1966 4251 2024 4320 que

1265 4329 1446 4401 nominatur
1470 4327 1555 4418 Casa
1580 4325 1749 4414 iriaurssea
1776 4333 1824 4398 Et
1841 4325 1941 4398 uliam
1960 4343 2025 4396 ser·

1264 4456 1359 4513 rem,
1393 4453 1452 4526 que
1485 4427 1554 4519 suit
1586 4430 1626 4501 de
1659 4425 1855 4508 Dominiuu,
1890 4453 1949 4524 que
1981 4426 2024 4514 ιβ

1264 4529 1422 4617 ιιὶιιιβιιιι
1458 4528 1601 4602 vitarum
1639 4530 1737 4603 modis
1778 4529 1898 4601 unius.
1937 4535 2024 4600 sam

1265 4635 1299 4704 in
1313 4633 1392 4704 rmul
1429 4630 1650 4724 seminationes
1682 4635 1721 4704 de
1756 4629 1872 4721 salulis
1904 4629 2024 4700 ensdis·

1264 4761 1333 4807 eum
1356 4731 1501 4830 uiginti.
1528 4739 1577 4808 Et
1601 4733 1644 4822 ιβ
1668 4733 1748 4804 cirea
1772 4733 1890 4820 Casum
1912 4737 2024 4804 Ams-

1264 4833 1387 4918 be'lem,
1422 4859 1518 4932 quam
1551 4857 1619 4908 cum
1655 4831 1776 4932 integre
1810 4833 1877 4930 ipse
1911 4831 2024 4925 Casale

1263 4943 1302 5011 de
1326 4935 1411 5030 Casa
1435 4937 1612 5020 Amatne,
1638 4963 1701 5010 uns
1725 4935 1860 5010 seniente
1869 4983 1883 5020 ,
1916 4955 2025 5030 quen·

1263 5061 1331 5114 sum
1366 5040 1454 5116 mede
1487 5035 1607 5116 ibidem
1638 5039 1759 5122 hales,
1793 5057 1831 5112 ut
1865 5037 1900 5110 in
1923 5051 2024 5206 schusen

1923 5160 1936 5206 s
1957 5159 1970 5204 s
