<?xml version="1.0" encoding="UTF-8"?>
<!DOCTYPE html PUBLIC "-//W3C//DTD XHTML 1.0 Transitional//EN"
    "http://www.w3.org/TR/xhtml1/DTD/xhtml1-transitional.dtd">
<html xmlns="http://www.w3.org/1999/xhtml" xml:lang="en" lang="en">
 <head>
  <title>
</title>
<meta http-equiv="Content-Type" content="text/html;charset=utf-8" />
  <meta name='ocr-system' content='tesseract 3.04.00' />
  <meta name='ocr-capabilities' content='ocr_page ocr_carea ocr_par ocr_line ocrx_word'/>
</head>
<body>
  <div class='ocr_page' id='page_1' title='image "./antiquitatesita03muragoog_0063.png"; bbox 0 0 4570 6096; ppageno 0'>
   <div class='ocr_carea' id='block_1_1' title="bbox 434 317 2001 485">
    <p class='ocr_par' dir='ltr' id='par_1_1' title="bbox 434 317 2001 485">
     <span class='ocr_line' id='line_1_1' title="bbox 434 317 2001 485; baseline 0.001 -29"><span class='ocrx_word' id='word_1_1' title='bbox 434 393 512 480; x_wconf 64' lang='grc' dir='ltr'>ης</span> <span class='ocrx_word' id='word_1_2' title='bbox 722 355 1134 485; x_wconf 53' lang='lat' dir='ltr'>aurinum.</span> <span class='ocrx_word' id='word_1_3' title='bbox 1183 355 1649 454; x_wconf 65' lang='lat' dir='ltr'>nennium</span> <span class='ocrx_word' id='word_1_4' title='bbox 1863 317 2001 458; x_wconf 63' lang='lat' dir='ltr'>nc]</span> 
     </span>
    </p>
   </div>
   <div class='ocr_carea' id='block_1_2' title="bbox 304 478 2049 2408">
    <p class='ocr_par' dir='ltr' id='par_1_2' title="bbox 304 478 2049 2408">
     <span class='ocr_line' id='line_1_2' title="bbox 367 478 2022 584; baseline -0.003 -25"><span class='ocrx_word' id='word_1_5' title='bbox 367 481 459 560; x_wconf 86' lang='lat' dir='ltr'>liora</span> <span class='ocrx_word' id='word_1_6' title='bbox 481 487 628 574; x_wconf 89' lang='lat' dir='ltr'>docear,</span> <span class='ocrx_word' id='word_1_7' title='bbox 654 487 706 572; x_wconf 81' lang='lat' dir='ltr'>las</span> <span class='ocrx_word' id='word_1_8' title='bbox 734 481 825 557; x_wconf 89' lang='lat' dir='ltr'>mihi</span> <span class='ocrx_word' id='word_1_9' title='bbox 852 478 894 554; x_wconf 88' lang='lat' dir='ltr'>lit</span> <span class='ocrx_word' id='word_1_10' title='bbox 916 479 1129 572; x_wconf 76' lang='lat' dir='ltr'>creuere,.i.</span> <span class='ocrx_word' id='word_1_11' title='bbox 1156 479 1207 552; x_wconf 78' lang='lat' dir='ltr'>&#39;A</span> <span class='ocrx_word' id='word_1_12' title='bbox 1247 481 1286 554; x_wconf 89' lang='lat' dir='ltr'>iu</span> <span class='ocrx_word' id='word_1_13' title='bbox 1312 480 1462 582; x_wconf 91' lang='lat' dir='ltr'>ancipiti</span> <span class='ocrx_word' id='word_1_14' title='bbox 1487 483 1727 582; x_wconf 84' lang='lat' dir='ltr'>reliquerunt,</span> <span class='ocrx_word' id='word_1_15' title='bbox 1759 505 1844 560; x_wconf 86' lang='lat' dir='ltr'>num</span> <span class='ocrx_word' id='word_1_16' title='bbox 1869 488 1896 558; x_wconf 70' lang='grc' dir='ltr'>ὲ</span> <span class='ocrx_word' id='word_1_17' title='bbox 1915 487 2022 584; x_wconf 59' lang='grc' dir='ltr'>ΙεςὶἳΙ</span> 
     </span>
     <span class='ocr_line' id='line_1_3' title="bbox 362 582 2014 684; baseline -0.003 -24"><span class='ocrx_word' id='word_1_18' title='bbox 362 585 497 660; x_wconf 88' lang='lat' dir='ltr'>nitium</span> <span class='ocrx_word' id='word_1_19' title='bbox 523 583 688 684; x_wconf 84' lang='lat' dir='ltr'>Epochae</span> <span class='ocrx_word' id='word_1_20' title='bbox 716 582 882 659; x_wconf 85' lang='lat' dir='ltr'>Bernardi</span> <span class='ocrx_word' id='word_1_21' title='bbox 912 587 1019 682; x_wconf 85' lang='lat' dir='ltr'>Regis</span> <span class='ocrx_word' id='word_1_22' title='bbox 1055 609 1129 680; x_wconf 91' lang='lat' dir='ltr'>per·</span> <span class='ocrx_word' id='word_1_23' title='bbox 1247 582 1338 656; x_wconf 89' lang='lat' dir='ltr'>tirno</span> <span class='ocrx_word' id='word_1_24' title='bbox 1365 583 1492 670; x_wconf 85' lang='lat' dir='ltr'>thoro,</span> <span class='ocrx_word' id='word_1_25' title='bbox 1529 607 1699 660; x_wconf 80' lang='lat' dir='ltr'>en-errtra</span> <span class='ocrx_word' id='word_1_26' title='bbox 1734 587 2014 664; x_wconf 75' lang='lat' dir='ltr'><strong>matrimonium.</strong></span> 
     </span>
     <span class='ocr_line' id='line_1_4' title="bbox 362 683 2015 788; baseline 0.001 -26"><span class='ocrx_word' id='word_1_27' title='bbox 362 686 478 762; x_wconf 87' lang='lat' dir='ltr'>tinere</span> <span class='ocrx_word' id='word_1_28' title='bbox 502 689 547 762; x_wconf 86' lang='lat' dir='ltr'>ad</span> <span class='ocrx_word' id='word_1_29' title='bbox 575 686 707 783; x_wconf 89' lang='lat' dir='ltr'>primos</span> <span class='ocrx_word' id='word_1_30' title='bbox 734 686 809 760; x_wconf 82' lang='lat' dir='ltr'>dies</span> <span class='ocrx_word' id='word_1_31' title='bbox 826 683 1004 758; x_wconf 73' lang='lat' dir='ltr'>octobris</span> <span class='ocrx_word' id='word_1_32' title='bbox 1028 685 1128 759; x_wconf 85' lang='lat' dir='ltr'>Anni</span> <span class='ocrx_word' id='word_1_33' title='bbox 1221 741 1224 775; x_wconf 68' lang='lat'>,</span> <span class='ocrx_word' id='word_1_34' title='bbox 1245 685 1403 781; x_wconf 83' lang='lat' dir='ltr'>Pippimu</span> <span class='ocrx_word' id='word_1_35' title='bbox 1418 685 1483 762; x_wconf 85' lang='lat' dir='ltr'>isle</span> <span class='ocrx_word' id='word_1_36' title='bbox 1502 687 1677 764; x_wconf 84' lang='lat' dir='ltr'>Bernardo</span> <span class='ocrx_word' id='word_1_37' title='bbox 1698 687 1788 788; x_wconf 89' lang='lat' dir='ltr'>Regi</span> <span class='ocrx_word' id='word_1_38' title='bbox 1802 687 2015 765; x_wconf 64' lang='lat' dir='ltr'>natuszsirec&#39;.</span> 
     </span>
     <span class='ocr_line' id='line_1_5' title="bbox 363 785 2020 884; baseline 0 -20"><span class='ocrx_word' id='word_1_39' title='bbox 363 787 499 864; x_wconf 80' lang='lat' dir='ltr'>Christi·</span> <span class='ocrx_word' id='word_1_40' title='bbox 527 791 746 866; x_wconf 72' lang='lat' dir='ltr'>occcxm</span> <span class='ocrx_word' id='word_1_41' title='bbox 783 786 865 861; x_wconf 86' lang='lat' dir='ltr'>Alii</span> <span class='ocrx_word' id='word_1_42' title='bbox 901 786 1037 861; x_wconf 84' lang='lat' dir='ltr'>interea</span> <span class='ocrx_word' id='word_1_43' title='bbox 1073 785 1125 860; x_wconf 86' lang='lat' dir='ltr'>vi·</span> <span class='ocrx_word' id='word_1_44' title='bbox 1243 786 1311 860; x_wconf 90' lang='lat' dir='ltr'>rit.</span> <span class='ocrx_word' id='word_1_45' title='bbox 1347 789 1401 862; x_wconf 84' lang='lat' dir='ltr'>At</span> <span class='ocrx_word' id='word_1_46' title='bbox 1426 787 1530 862; x_wconf 87' lang='lat' dir='ltr'>nobis</span> <span class='ocrx_word' id='word_1_47' title='bbox 1557 792 1654 863; x_wconf 81' lang='lat' dir='ltr'>nullu</span> <span class='ocrx_word' id='word_1_48' title='bbox 1680 788 1858 864; x_wconf 85' lang='lat' dir='ltr'>dubitatio</span> <span class='ocrx_word' id='word_1_49' title='bbox 1884 789 2020 884; x_wconf 31' lang='lat' dir='ltr'>futura·</span> 
     </span>
     <span class='ocr_line' id='line_1_6' title="bbox 363 886 2007 992; baseline 0.002 -28"><span class='ocrx_word' id='word_1_50' title='bbox 363 890 490 982; x_wconf 81' lang='lat' dir='ltr'><strong>deant,</strong></span> <span class='ocrx_word' id='word_1_51' title='bbox 505 888 588 988; x_wconf 87' lang='lat' dir='ltr'>quei</span> <span class='ocrx_word' id='word_1_52' title='bbox 603 888 876 991; x_wconf 84' lang='lat' dir='ltr'>inscriptionem</span> <span class='ocrx_word' id='word_1_53' title='bbox 891 887 1036 988; x_wconf 86' lang='lat' dir='ltr'>pofitam</span> <span class='ocrx_word' id='word_1_54' title='bbox 1048 891 1126 963; x_wconf 90' lang='lat' dir='ltr'>Me·</span> <span class='ocrx_word' id='word_1_55' title='bbox 1243 886 1289 962; x_wconf 85' lang='lat' dir='ltr'>est</span> <span class='ocrx_word' id='word_1_56' title='bbox 1308 888 1491 988; x_wconf 87' lang='lat' dir='ltr'>legitimae</span> <span class='ocrx_word' id='word_1_57' title='bbox 1509 889 1610 964; x_wconf 88' lang='lat' dir='ltr'>illius</span> <span class='ocrx_word' id='word_1_58' title='bbox 1627 889 1801 992; x_wconf 87' lang='lat' dir='ltr'>originis,</span> <span class='ocrx_word' id='word_1_59' title='bbox 1826 889 2007 989; x_wconf 85' lang='lat' dir='ltr'>pollqu&#39;am</span> 
     </span>
     <span class='ocr_line' id='line_1_7' title="bbox 363 988 2008 1093; baseline 0.001 -27"><span class='ocrx_word' id='word_1_60' title='bbox 363 991 501 1066; x_wconf 89' lang='lat' dir='ltr'>diolani</span> <span class='ocrx_word' id='word_1_61' title='bbox 528 990 694 1090; x_wconf 85' lang='lat' dir='ltr'>praestare</span> <span class='ocrx_word' id='word_1_62' title='bbox 724 989 852 1091; x_wconf 75' lang='lat' dir='ltr'>polllnt</span> <span class='ocrx_word' id='word_1_63' title='bbox 878 991 921 1064; x_wconf 85' lang='lat' dir='ltr'>ab</span> <span class='ocrx_word' id='word_1_64' title='bbox 947 988 1048 1062; x_wconf 90' lang='lat' dir='ltr'>omni</span> <span class='ocrx_word' id='word_1_65' title='bbox 1074 1015 1126 1060; x_wconf 84' lang='lat' dir='ltr'>cr·</span> <span class='ocrx_word' id='word_1_66' title='bbox 1243 989 1386 1064; x_wconf 85' lang='lat' dir='ltr'>Clariss.</span> <span class='ocrx_word' id='word_1_67' title='bbox 1429 991 1675 1068; x_wconf 80' lang='lat' dir='ltr'>Mabillonius·</span> <span class='ocrx_word' id='word_1_68' title='bbox 1715 991 1754 1066; x_wconf 93' lang='lat' dir='ltr'>in</span> <span class='ocrx_word' id='word_1_69' title='bbox 1796 994 2008 1093; x_wconf 75' lang='lat' dir='ltr'>Appendice,</span> 
     </span>
     <span class='ocr_line' id='line_1_8' title="bbox 364 1089 2005 1182; baseline 0.001 -15"><span class='ocrx_word' id='word_1_70' title='bbox 364 1119 442 1168; x_wconf 88' lang='lat' dir='ltr'>rore</span> <span class='ocrx_word' id='word_1_71' title='bbox 469 1092 686 1167; x_wconf 87' lang='lat' dir='ltr'>immunem.</span> <span class='ocrx_word' id='word_1_72' title='bbox 724 1097 841 1182; x_wconf 87' lang='lat' dir='ltr'>Nam,</span> <span class='ocrx_word' id='word_1_73' title='bbox 878 1109 917 1164; x_wconf 93' lang='lat' dir='ltr'>ut</span> <span class='ocrx_word' id='word_1_74' title='bbox 943 1111 983 1164; x_wconf 91' lang='lat' dir='ltr'>ut</span> <span class='ocrx_word' id='word_1_75' title='bbox 1011 1089 1050 1163; x_wconf 91' lang='lat' dir='ltr'>id</span> <span class='ocrx_word' id='word_1_76' title='bbox 1075 1089 1126 1164; x_wconf 90' lang='lat' dir='ltr'>eis</span> <span class='ocrx_word' id='word_1_77' title='bbox 1244 1090 1285 1162; x_wconf 85' lang='lat' dir='ltr'>ad</span> <span class='ocrx_word' id='word_1_78' title='bbox 1307 1093 1414 1164; x_wconf 85' lang='lat' dir='ltr'>Tom.</span> <span class='ocrx_word' id='word_1_79' title='bbox 1443 1095 1489 1164; x_wconf 89' lang='lat'>11.</span> <span class='ocrx_word' id='word_1_80' title='bbox 1507 1095 1640 1168; x_wconf 85' lang='lat' dir='ltr'>Annas.</span> <span class='ocrx_word' id='word_1_81' title='bbox 1665 1093 2005 1169; x_wconf 72' lang='lat' dir='ltr'>Benedislin.&#39;num.</span> 
     </span>
     <span class='ocr_line' id='line_1_9' title="bbox 304 1191 2014 1294; baseline 0.001 -25"><span class='ocrx_word' id='word_1_82' title='bbox 304 1222 307 1231; x_wconf 69' lang='lat'><strong><em>¹</em></strong></span> <span class='ocrx_word' id='word_1_83' title='bbox 365 1195 453 1269; x_wconf 91' lang='lat' dir='ltr'>bene</span> <span class='ocrx_word' id='word_1_84' title='bbox 479 1193 601 1286; x_wconf 79' lang='lat' dir='ltr'>cedet,</span> <span class='ocrx_word' id='word_1_85' title='bbox 627 1193 722 1294; x_wconf 86' lang='lat' dir='ltr'>quod</span> <span class='ocrx_word' id='word_1_86' title='bbox 748 1191 863 1267; x_wconf 87' lang='lat' dir='ltr'>estad</span> <span class='ocrx_word' id='word_1_87' title='bbox 898 1191 1065 1265; x_wconf 77' lang='lat' dir='ltr'>haslenus</span> <span class='ocrx_word' id='word_1_88' title='bbox 1091 1218 1123 1265; x_wconf 80' lang='lat' dir='ltr'>a·</span> <span class='ocrx_word' id='word_1_89' title='bbox 1243 1197 1302 1284; x_wconf 82' lang='lat'>58.</span> <span class='ocrx_word' id='word_1_90' title='bbox 1342 1191 1512 1266; x_wconf 74' lang='lat' dir='ltr'>Chartam</span> <span class='ocrx_word' id='word_1_91' title='bbox 1556 1195 1792 1272; x_wconf 79' lang='lat' dir='ltr'>Parmensem,</span> <span class='ocrx_word' id='word_1_92' title='bbox 1814 1196 2014 1294; x_wconf 74' lang='lat' dir='ltr'>produxit,</span> 
     </span>
     <span class='ocr_line' id='line_1_10' title="bbox 364 1291 2003 1391; baseline 0.002 -23"><span class='ocrx_word' id='word_1_93' title='bbox 364 1294 606 1386; x_wconf 85' lang='lat' dir='ltr'>nimaduersa,</span> <span class='ocrx_word' id='word_1_94' title='bbox 642 1297 751 1368; x_wconf 89' lang='lat' dir='ltr'>altera</span> <span class='ocrx_word' id='word_1_95' title='bbox 787 1293 899 1368; x_wconf 83' lang='lat' dir='ltr'>adhuc</span> <span class='ocrx_word' id='word_1_96' title='bbox 934 1293 1128 1370; x_wconf 85' lang='lat' dir='ltr'>difficultas</span> <span class='ocrx_word' id='word_1_97' title='bbox 1242 1291 1407 1391; x_wconf 80' lang='lat' dir='ltr'>scriptam</span> <span class='ocrx_word' id='word_1_98' title='bbox 1426 1296 1537 1368; x_wconf 83' lang='lat' dir='ltr'>Anno</span> <span class='ocrx_word' id='word_1_99' title='bbox 1555 1295 1687 1370; x_wconf 87' lang='lat' dir='ltr'>Chrilli</span> <span class='ocrx_word' id='word_1_100' title='bbox 1715 1300 2003 1371; x_wconf 83' lang='lat' dir='ltr'>Dcccxxxv.</span> 
     </span>
     <span class='ocr_line' id='line_1_11' title="bbox 364 1385 2008 1498; baseline 0.004 -28"><span class='ocrx_word' id='word_1_101' title='bbox 364 1394 555 1498; x_wconf 87' lang='lat' dir='ltr'>superanda</span> <span class='ocrx_word' id='word_1_102' title='bbox 589 1393 751 1468; x_wconf 84' lang='lat' dir='ltr'>restabit.</span> <span class='ocrx_word' id='word_1_103' title='bbox 788 1393 969 1468; x_wconf 89' lang='lat' dir='ltr'>Videlicet</span> <span class='ocrx_word' id='word_1_104' title='bbox 1004 1421 1126 1492; x_wconf 89' lang='lat' dir='ltr'>quam·</span> <span class='ocrx_word' id='word_1_105' title='bbox 1173 1385 1201 1456; x_wconf 81' lang='grc' dir='ltr'><strong>Β</strong></span> <span class='ocrx_word' id='word_1_106' title='bbox 1242 1393 1280 1467; x_wconf 92' lang='lat' dir='ltr'>in</span> <span class='ocrx_word' id='word_1_107' title='bbox 1307 1419 1377 1491; x_wconf 88' lang='lat' dir='ltr'>qua</span> <span class='ocrx_word' id='word_1_108' title='bbox 1401 1395 1591 1470; x_wconf 75' lang='lat' dir='ltr'>Cunicuudu</span> <span class='ocrx_word' id='word_1_109' title='bbox 1613 1397 1722 1470; x_wconf 69' lang='lat' dir='ltr'>relisis</span> <span class='ocrx_word' id='word_1_110' title='bbox 1747 1400 1905 1494; x_wconf 74' lang='lat' dir='ltr'>quosdam</span> <span class='ocrx_word' id='word_1_111' title='bbox 1922 1403 2008 1478; x_wconf 61' lang='lat' dir='ltr'>serr</span> 
     </span>
     <span class='ocr_line' id='line_1_12' title="bbox 365 1493 2008 1598; baseline 0.002 -25"><span class='ocrx_word' id='word_1_112' title='bbox 365 1523 472 1598; x_wconf 79' lang='lat' dir='ltr'>quam</span> <span class='ocrx_word' id='word_1_113' title='bbox 498 1495 662 1598; x_wconf 83' lang='lat' dir='ltr'>Sigonius</span> <span class='ocrx_word' id='word_1_114' title='bbox 689 1497 724 1568; x_wconf 74' lang='grc' dir='ltr'><strong>ἃ</strong></span> <span class='ocrx_word' id='word_1_115' title='bbox 751 1493 923 1570; x_wconf 75' lang='lat' dir='ltr'><strong>Batonius</strong></span> <span class='ocrx_word' id='word_1_116' title='bbox 948 1494 1126 1585; x_wconf 80' lang='lat' dir='ltr'><strong>scribant,</strong></span> <span class='ocrx_word' id='word_1_117' title='bbox 1154 1501 1159 1524; x_wconf 86' lang='lat'><strong>¹</strong></span> <span class='ocrx_word' id='word_1_118' title='bbox 1243 1497 1338 1568; x_wconf 79' lang='lat' dir='ltr'>nardi</span> <span class='ocrx_word' id='word_1_119' title='bbox 1364 1496 1472 1570; x_wconf 71' lang='lat' dir='ltr'>incliti</span> <span class='ocrx_word' id='word_1_120' title='bbox 1497 1499 1600 1594; x_wconf 82' lang='lat' dir='ltr'>Regis</span> <span class='ocrx_word' id='word_1_121' title='bbox 1622 1521 1679 1594; x_wconf 83' lang='lat' dir='ltr'>pro</span> <span class='ocrx_word' id='word_1_122' title='bbox 1705 1503 1870 1572; x_wconf 76' lang='lat' dir='ltr'><em>mercedem</em></span> <span class='ocrx_word' id='word_1_123' title='bbox 1895 1503 1939 1571; x_wconf 64' lang='grc' dir='ltr'><em>θ</em></span> <span class='ocrx_word' id='word_1_124' title='bbox 1955 1526 2008 1578; x_wconf 73' lang='lat' dir='ltr'>re.-</span> 
     </span>
     <span class='ocr_line' id='line_1_13' title="bbox 364 1596 2040 1701; baseline -0.001 -27"><span class='ocrx_word' id='word_1_125' title='bbox 364 1599 534 1701; x_wconf 79' lang='lat' dir='ltr'>fignatam</span> <span class='ocrx_word' id='word_1_126' title='bbox 561 1596 599 1672; x_wconf 89' lang='lat' dir='ltr'>in</span> <span class='ocrx_word' id='word_1_127' title='bbox 625 1623 666 1671; x_wconf 89' lang='lat' dir='ltr'>ea</span> <span class='ocrx_word' id='word_1_128' title='bbox 694 1596 894 1699; x_wconf 86' lang='lat' dir='ltr'>Epigrapbe</span> <span class='ocrx_word' id='word_1_129' title='bbox 920 1597 1129 1670; x_wconf 80' lang='lat' dir='ltr'>sudisiisncm</span> <span class='ocrx_word' id='word_1_130' title='bbox 1243 1599 1381 1670; x_wconf 80' lang='lat' dir='ltr'>medium</span> <span class='ocrx_word' id='word_1_131' title='bbox 1414 1597 1521 1671; x_wconf 77' lang='lat' dir='ltr'>anime</span> <span class='ocrx_word' id='word_1_132' title='bbox 1553 1601 1679 1672; x_wconf 81' lang='lat' dir='ltr'>Seuiori</span> <span class='ocrx_word' id='word_1_133' title='bbox 1718 1627 1782 1672; x_wconf 79' lang='lat' dir='ltr'>mro</span> <span class='ocrx_word' id='word_1_134' title='bbox 1799 1603 2006 1694; x_wconf 68' lang='lat' dir='ltr'>⁸Berrrurdi,</span> <span class='ocrx_word' id='word_1_135' title='bbox 2037 1609 2040 1616; x_wconf 82' lang='lat'>&#39;</span> 
     </span>
     <span class='ocr_line' id='line_1_14' title="bbox 367 1697 2007 1799; baseline 0.002 -24"><span class='ocrx_word' id='word_1_136' title='bbox 367 1698 761 1788; x_wconf 61' lang='lat' dir='ltr'>UndecimmCalchus</span> <span class='ocrx_word' id='word_1_137' title='bbox 781 1719 899 1773; x_wconf 87' lang='lat' dir='ltr'>tamen</span> <span class='ocrx_word' id='word_1_138' title='bbox 921 1697 1129 1772; x_wconf 67' lang='lat' dir='ltr'>indidissem</span> <span class='ocrx_word' id='word_1_139' title='bbox 1242 1701 1298 1770; x_wconf 85' lang='lat' dir='ltr'>vel</span> <span class='ocrx_word' id='word_1_140' title='bbox 1324 1725 1419 1789; x_wconf 81' lang='lat' dir='ltr'>meu,</span> <span class='ocrx_word' id='word_1_141' title='bbox 1449 1699 1507 1792; x_wconf 84' lang='lat' dir='ltr'>seu</span> <span class='ocrx_word' id='word_1_142' title='bbox 1524 1697 1602 1792; x_wconf 81' lang='lat' dir='ltr'>filia</span> <span class='ocrx_word' id='word_1_143' title='bbox 1627 1727 1692 1774; x_wconf 84' lang='lat' dir='ltr'>meu</span> <span class='ocrx_word' id='word_1_144' title='bbox 1718 1701 1885 1799; x_wconf 84' lang='lat' dir='ltr'>Pippiu&#39;o,</span> <span class='ocrx_word' id='word_1_145' title='bbox 1913 1705 2007 1778; x_wconf 70' lang='lat' dir='ltr'>rar·</span> 
     </span>
     <span class='ocr_line' id='line_1_15' title="bbox 366 1799 2006 1901; baseline -0.004 -23"><span class='ocrx_word' id='word_1_146' title='bbox 366 1803 530 1878; x_wconf 76' lang='lat' dir='ltr'>Decimum</span> <span class='ocrx_word' id='word_1_147' title='bbox 556 1799 635 1874; x_wconf 87' lang='lat' dir='ltr'>illic</span> <span class='ocrx_word' id='word_1_148' title='bbox 660 1806 799 1878; x_wconf 77' lang='lat' dir='ltr'>tantum</span> <span class='ocrx_word' id='word_1_149' title='bbox 826 1799 938 1901; x_wconf 86' lang='lat' dir='ltr'>legit;</span> <span class='ocrx_word' id='word_1_150' title='bbox 967 1819 1072 1898; x_wconf 84' lang='lat' dir='ltr'>atque</span> <span class='ocrx_word' id='word_1_151' title='bbox 1098 1801 1127 1874; x_wconf 92' lang='lat' dir='ltr'>i·</span> <span class='ocrx_word' id='word_1_152' title='bbox 1243 1801 1433 1876; x_wconf 87' lang='lat' dir='ltr'>thenonem</span> <span class='ocrx_word' id='word_1_153' title='bbox 1464 1799 1588 1876; x_wconf 88' lang='lat' dir='ltr'>sundat</span> <span class='ocrx_word' id='word_1_154' title='bbox 1613 1804 1648 1874; x_wconf 78' lang='grc' dir='ltr'>δι</span> <span class='ocrx_word' id='word_1_155' title='bbox 1673 1800 1771 1876; x_wconf 75' lang='lat' dir='ltr'>,ditat</span> <span class='ocrx_word' id='word_1_156' title='bbox 1805 1803 2006 1880; x_wconf 59' lang='lat' dir='ltr'>sanuifn.</span> 
     </span>
     <span class='ocr_line' id='line_1_16' title="bbox 366 1901 2004 2002; baseline 0.005 -26"><span class='ocrx_word' id='word_1_157' title='bbox 366 1921 404 1976; x_wconf 89' lang='lat' dir='ltr'>ta</span> <span class='ocrx_word' id='word_1_158' title='bbox 430 1927 494 2002; x_wconf 92' lang='lat' dir='ltr'>pro</span> <span class='ocrx_word' id='word_1_159' title='bbox 520 1901 572 1976; x_wconf 86' lang='lat' dir='ltr'>rei</span> <span class='ocrx_word' id='word_1_160' title='bbox 598 1901 750 1976; x_wconf 84' lang='lat' dir='ltr'>veritate</span> <span class='ocrx_word' id='word_1_161' title='bbox 785 1901 824 1976; x_wconf 89' lang='lat' dir='ltr'>in</span> <span class='ocrx_word' id='word_1_162' title='bbox 861 1927 1034 1974; x_wconf 85' lang='lat' dir='ltr'>marmore</span> <span class='ocrx_word' id='word_1_163' title='bbox 1061 1901 1128 1980; x_wconf 91' lang='lat' dir='ltr'>illo</span> <span class='ocrx_word' id='word_1_164' title='bbox 1242 1901 1403 1979; x_wconf 83' lang='lat' dir='ltr'>lexcndri</span> <span class='ocrx_word' id='word_1_165' title='bbox 1425 1901 1641 1980; x_wconf 74' lang='lat' dir='ltr'>Parmensis.</span> <span class='ocrx_word' id='word_1_166' title='bbox 1676 1903 1749 1976; x_wconf 87' lang='lat' dir='ltr'>Sed.</span> <span class='ocrx_word' id='word_1_167' title='bbox 1765 1905 1837 2002; x_wconf 88' lang='lat' dir='ltr'>jam</span> <span class='ocrx_word' id='word_1_168' title='bbox 1862 1903 2004 1985; x_wconf 77' lang='lat' dir='ltr'>tandem</span> 
     </span>
     <span class='ocr_line' id='line_1_17' title="bbox 366 1999 2049 2122; baseline 0.001 -44"><span class='ocrx_word' id='word_1_169' title='bbox 366 2006 572 2122; x_wconf 86' lang='lat' dir='ltr'>exculptum</span> <span class='ocrx_word' id='word_1_170' title='bbox 600 2001 634 2077; x_wconf 90' lang='lat' dir='ltr'>se</span> <span class='ocrx_word' id='word_1_171' title='bbox 658 2002 781 2077; x_wconf 82' lang='lat' dir='ltr'>vidisse</span> <span class='ocrx_word' id='word_1_172' title='bbox 804 2001 947 2075; x_wconf 86' lang='lat' dir='ltr'>testatus</span> <span class='ocrx_word' id='word_1_173' title='bbox 974 1999 1129 2075; x_wconf 82' lang='lat' dir='ltr'>Puricel-</span> <span class='ocrx_word' id='word_1_174' title='bbox 1242 2000 1525 2100; x_wconf 84' lang='lat' dir='ltr'>progrediamur.</span> <span class='ocrx_word' id='word_1_175' title='bbox 2045 2027 2049 2034; x_wconf 84' lang='lat'>·</span> 
     </span>
     <span class='ocr_line' id='line_1_18' title="bbox 367 2100 2004 2204; baseline 0 -24"><span class='ocrx_word' id='word_1_176' title='bbox 367 2105 439 2180; x_wconf 82' lang='lat' dir='ltr'>lius</span> <span class='ocrx_word' id='word_1_177' title='bbox 472 2131 512 2179; x_wconf 79' lang='lat' dir='ltr'>sn</span> <span class='ocrx_word' id='word_1_178' title='bbox 549 2103 796 2180; x_wconf 88' lang='lat' dir='ltr'>Monumentis</span> <span class='ocrx_word' id='word_1_179' title='bbox 837 2100 1003 2176; x_wconf 84' lang='lat' dir='ltr'>Bafilicae</span> <span class='ocrx_word' id='word_1_180' title='bbox 1038 2105 1127 2176; x_wconf 78' lang='lat' dir='ltr'>Am·</span> <span class='ocrx_word' id='word_1_181' title='bbox 1291 2101 1439 2180; x_wconf 77' lang='lat' dir='ltr'>Scabiris</span> <span class='ocrx_word' id='word_1_182' title='bbox 1464 2101 1633 2180; x_wconf 70' lang='lat' dir='ltr'>haslsnus</span> <span class='ocrx_word' id='word_1_183' title='bbox 1658 2103 1843 2204; x_wconf 74' lang='lat' dir='ltr'>descriptis</span> <span class='ocrx_word' id='word_1_184' title='bbox 1867 2108 2004 2182; x_wconf 77' lang='lat' dir='ltr'>Sculdis·</span> 
     </span>
     <span class='ocr_line' id='line_1_19' title="bbox 368 2201 2007 2306; baseline -0.001 -24"><span class='ocrx_word' id='word_1_185' title='bbox 368 2201 570 2282; x_wconf 83' lang='lat' dir='ltr'>brosranee.</span> <span class='ocrx_word' id='word_1_186' title='bbox 610 2211 693 2281; x_wconf 87' lang='lat' dir='ltr'>Hoc</span> <span class='ocrx_word' id='word_1_187' title='bbox 726 2205 772 2280; x_wconf 83' lang='lat' dir='ltr'>eli</span> <span class='ocrx_word' id='word_1_188' title='bbox 808 2202 1011 2280; x_wconf 75' lang='lat' dir='ltr'>stcundlrm&#39;</span> <span class='ocrx_word' id='word_1_189' title='bbox 1027 2203 1129 2278; x_wconf 89' lang='lat' dir='ltr'>illam</span> <span class='ocrx_word' id='word_1_190' title='bbox 1234 2202 1315 2296; x_wconf 79' lang='lat' dir='ltr'>seius</span> <span class='ocrx_word' id='word_1_191' title='bbox 1340 2229 1436 2281; x_wconf 89' lang='lat' dir='ltr'>nunc</span> <span class='ocrx_word' id='word_1_192' title='bbox 1458 2203 1713 2306; x_wconf 84' lang='lat' dir='ltr'>adjungamus,</span> <span class='ocrx_word' id='word_1_193' title='bbox 1734 2215 1890 2305; x_wconf 69' lang='lat' dir='ltr'>quorum</span> <span class='ocrx_word' id='word_1_194' title='bbox 1915 2210 2007 2282; x_wconf 79' lang='lat' dir='ltr'>cele«</span> 
     </span>
     <span class='ocr_line' id='line_1_20' title="bbox 368 2304 2005 2408; baseline 0 -24"><span class='ocrx_word' id='word_1_195' title='bbox 368 2306 641 2408; x_wconf 87' lang='lat' dir='ltr'>Inscriptionem</span> <span class='ocrx_word' id='word_1_196' title='bbox 677 2307 871 2381; x_wconf 86' lang='lat' dir='ltr'>Bernardus</span> <span class='ocrx_word' id='word_1_197' title='bbox 900 2311 977 2381; x_wconf 79' lang='lat' dir='ltr'>Rex</span> <span class='ocrx_word' id='word_1_198' title='bbox 1006 2305 1130 2405; x_wconf 80' lang='lat' dir='ltr'>Aprili</span> <span class='ocrx_word' id='word_1_199' title='bbox 1168 2307 1200 2379; x_wconf 87' lang='lat' dir='ltr'>C</span> <span class='ocrx_word' id='word_1_200' title='bbox 1242 2305 1302 2380; x_wconf 86' lang='lat' dir='ltr'>bre</span> <span class='ocrx_word' id='word_1_201' title='bbox 1339 2304 1471 2406; x_wconf 86' lang='lat' dir='ltr'>pariter</span> <span class='ocrx_word' id='word_1_202' title='bbox 1505 2305 1552 2380; x_wconf 87' lang='lat' dir='ltr'>cll</span> <span class='ocrx_word' id='word_1_203' title='bbox 1587 2331 1717 2381; x_wconf 88' lang='lat' dir='ltr'>nornen</span> <span class='ocrx_word' id='word_1_204' title='bbox 1744 2333 1785 2381; x_wconf 86' lang='lat' dir='ltr'>ac</span> <span class='ocrx_word' id='word_1_205' title='bbox 1811 2319 1937 2382; x_wconf 90' lang='lat' dir='ltr'>munus</span> <span class='ocrx_word' id='word_1_206' title='bbox 1963 2309 2005 2384; x_wconf 88' lang='lat' dir='ltr'>in</span> 
     </span>
    </p>
   </div>
   <div class='ocr_carea' id='block_1_3' title="bbox 367 2406 2146 2508">
    <p class='ocr_par' dir='ltr' id='par_1_3' title="bbox 367 2406 2146 2508">
     <span class='ocr_line' id='line_1_21' title="bbox 367 2406 2146 2508; baseline -0.002 -22"><span class='ocrx_word' id='word_1_207' title='bbox 367 2408 485 2486; x_wconf 90' lang='lat' dir='ltr'>mense</span> <span class='ocrx_word' id='word_1_208' title='bbox 521 2417 619 2485; x_wconf 77' lang='lat' dir='ltr'>Anni</span> <span class='ocrx_word' id='word_1_209' title='bbox 647 2413 873 2484; x_wconf 84' lang='lat' dir='ltr'>DCCCXVII.</span> <span class='ocrx_word' id='word_1_210' title='bbox 909 2411 929 2482; x_wconf 77' lang='grc' dir='ltr'>ὲ</span> <span class='ocrx_word' id='word_1_211' title='bbox 964 2406 1061 2482; x_wconf 88' lang='lat' dir='ltr'>vivis</span> <span class='ocrx_word' id='word_1_212' title='bbox 1096 2433 1130 2480; x_wconf 87' lang='lat' dir='ltr'>a·</span> <span class='ocrx_word' id='word_1_213' title='bbox 1242 2407 1556 2508; x_wconf 80' lang='lat' dir='ltr'>Langobardorum</span> <span class='ocrx_word' id='word_1_214' title='bbox 1591 2408 1770 2506; x_wconf 84' lang='lat' dir='ltr'>Legibus,</span> <span class='ocrx_word' id='word_1_215' title='bbox 1806 2411 1842 2480; x_wconf 74' lang='grc' dir='ltr'>δι</span> <span class='ocrx_word' id='word_1_216' title='bbox 1876 2407 1916 2480; x_wconf 92' lang='lat' dir='ltr'>in</span> <span class='ocrx_word' id='word_1_217' title='bbox 1942 2433 2005 2484; x_wconf 84' lang='lat' dir='ltr'>an·</span> <span class='ocrx_word' id='word_1_218' title='bbox 2142 2428 2146 2436; x_wconf 84' lang='lat'>·</span> 
     </span>
    </p>
   </div>
   <div class='ocr_carea' id='block_1_4' title="bbox 364 2505 2060 4528">
    <p class='ocr_par' dir='ltr' id='par_1_4' title="bbox 364 2505 2060 4528">
     <span class='ocr_line' id='line_1_22' title="bbox 369 2505 2004 2610; baseline -0.006 -24"><span class='ocrx_word' id='word_1_219' title='bbox 369 2509 496 2586; x_wconf 82' lang='lat' dir='ltr'>bieiit.</span> <span class='ocrx_word' id='word_1_220' title='bbox 530 2512 647 2610; x_wconf 81' lang='lat' dir='ltr'>Atqui</span> <span class='ocrx_word' id='word_1_221' title='bbox 674 2510 757 2584; x_wconf 90' lang='lat' dir='ltr'>telle</span> <span class='ocrx_word' id='word_1_222' title='bbox 783 2508 1009 2609; x_wconf 80' lang='lat' dir='ltr'>Eginbnrdo,</span> <span class='ocrx_word' id='word_1_223' title='bbox 1038 2508 1130 2584; x_wconf 86' lang='lat' dir='ltr'>tesli·</span> <span class='ocrx_word' id='word_1_224' title='bbox 1241 2506 1353 2604; x_wconf 89' lang='lat' dir='ltr'>tiquis</span> <span class='ocrx_word' id='word_1_225' title='bbox 1379 2506 1544 2580; x_wconf 86' lang='lat' dir='ltr'>Chartis.</span> <span class='ocrx_word' id='word_1_226' title='bbox 1570 2511 1679 2606; x_wconf 81' lang='lat' dir='ltr'>Supra</span> <span class='ocrx_word' id='word_1_227' title='bbox 1703 2505 1860 2582; x_wconf 84' lang='lat' dir='ltr'>vidimus</span> <span class='ocrx_word' id='word_1_228' title='bbox 1887 2509 2004 2584; x_wconf 78' lang='lat' dir='ltr'>Praei.</span> 
     </span>
     <span class='ocr_line' id='line_1_23' title="bbox 369 2605 2003 2712; baseline -0.002 -26"><span class='ocrx_word' id='word_1_229' title='bbox 369 2611 432 2686; x_wconf 89' lang='lat' dir='ltr'>bus</span> <span class='ocrx_word' id='word_1_230' title='bbox 468 2609 616 2712; x_wconf 84' lang='lat' dir='ltr'>reliquis</span> <span class='ocrx_word' id='word_1_231' title='bbox 652 2617 866 2708; x_wconf 81' lang='lat' dir='ltr'>Francorum</span> <span class='ocrx_word' id='word_1_232' title='bbox 906 2608 1131 2700; x_wconf 86' lang='lat' dir='ltr'>Annalibus,</span> <span class='ocrx_word' id='word_1_233' title='bbox 1241 2624 1280 2680; x_wconf 89' lang='lat' dir='ltr'>to</span> <span class='ocrx_word' id='word_1_234' title='bbox 1316 2607 1489 2682; x_wconf 85' lang='lat' dir='ltr'>Brixiano</span> <span class='ocrx_word' id='word_1_235' title='bbox 1515 2605 1616 2680; x_wconf 88' lang='lat' dir='ltr'>Anni</span> <span class='ocrx_word' id='word_1_236' title='bbox 1653 2609 1891 2683; x_wconf 84' lang='lat' dir='ltr'>DCCCLVI.</span> <span class='ocrx_word' id='word_1_237' title='bbox 1928 2635 2003 2683; x_wconf 89' lang='lat' dir='ltr'>non</span> 
     </span>
     <span class='ocr_line' id='line_1_24' title="bbox 369 2705 2001 2809; baseline -0.001 -23"><span class='ocrx_word' id='word_1_238' title='bbox 369 2712 563 2788; x_wconf 73' lang='lat' dir='ltr'>bernardus</span> <span class='ocrx_word' id='word_1_239' title='bbox 599 2712 771 2787; x_wconf 88' lang='lat' dir='ltr'>duntaxat</span> <span class='ocrx_word' id='word_1_240' title='bbox 797 2709 870 2809; x_wconf 89' lang='lat' dir='ltr'>post</span> <span class='ocrx_word' id='word_1_241' title='bbox 896 2709 1024 2784; x_wconf 87' lang='lat' dir='ltr'>Pascha</span> <span class='ocrx_word' id='word_1_242' title='bbox 1053 2718 1129 2782; x_wconf 74' lang='lat' dir='ltr'>Aa·</span> <span class='ocrx_word' id='word_1_243' title='bbox 1240 2728 1349 2782; x_wconf 91' lang='lat' dir='ltr'>unum</span> <span class='ocrx_word' id='word_1_244' title='bbox 1376 2705 1613 2782; x_wconf 83' lang='lat' dir='ltr'>Sculdascium</span> <span class='ocrx_word' id='word_1_245' title='bbox 1640 2705 1875 2784; x_wconf 86' lang='lat' dir='ltr'>interfuisse..</span> <span class='ocrx_word' id='word_1_246' title='bbox 1895 2713 2001 2786; x_wconf 87' lang='lat' dir='ltr'>Nune</span> 
     </span>
     <span class='ocr_line' id='line_1_25' title="bbox 368 2807 2003 2908; baseline 0 -22"><span class='ocrx_word' id='word_1_247' title='bbox 368 2815 405 2886; x_wconf 87' lang='lat' dir='ltr'>m&#39;</span> <span class='ocrx_word' id='word_1_248' title='bbox 423 2817 666 2888; x_wconf 72' lang='lat' dir='ltr'>occuitum.</span> <span class='ocrx_word' id='word_1_249' title='bbox 689 2811 927 2908; x_wconf 87' lang='lat' dir='ltr'>subsequentis</span> <span class='ocrx_word' id='word_1_250' title='bbox 952 2809 1070 2896; x_wconf 80' lang='lat' dir='ltr'>evulsis</span> <span class='ocrx_word' id='word_1_251' title='bbox 1094 2837 1124 2881; x_wconf 81' lang='lat' dir='ltr'>a·</span> <span class='ocrx_word' id='word_1_252' title='bbox 1239 2825 1357 2884; x_wconf 87' lang='lat' dir='ltr'>autem</span> <span class='ocrx_word' id='word_1_253' title='bbox 1395 2807 1584 2882; x_wconf 85' lang='lat' dir='ltr'>dicendum</span> <span class='ocrx_word' id='word_1_254' title='bbox 1619 2807 1693 2900; x_wconf 81' lang='lat' dir='ltr'>est,</span> <span class='ocrx_word' id='word_1_255' title='bbox 1734 2807 1772 2884; x_wconf 95' lang='lat' dir='ltr'>id</span> <span class='ocrx_word' id='word_1_256' title='bbox 1813 2808 2003 2886; x_wconf 88' lang='lat' dir='ltr'>hominum</span> 
     </span>
     <span class='ocr_line' id='line_1_26' title="bbox 366 2907 2060 3008; baseline -0.001 -20"><span class='ocrx_word' id='word_1_257' title='bbox 366 2917 447 2988; x_wconf 79' lang='lat' dir='ltr'>erulis</span> <span class='ocrx_word' id='word_1_258' title='bbox 470 2917 517 2990; x_wconf 93' lang='lat' dir='ltr'>ob</span> <span class='ocrx_word' id='word_1_259' title='bbox 546 2939 740 2989; x_wconf 86' lang='lat' dir='ltr'>moerorem</span> <span class='ocrx_word' id='word_1_260' title='bbox 768 2913 889 2986; x_wconf 87' lang='lat' dir='ltr'>vivere</span> <span class='ocrx_word' id='word_1_261' title='bbox 915 2909 1035 2986; x_wconf 77' lang='lat' dir='ltr'>desiit.</span> <span class='ocrx_word' id='word_1_262' title='bbox 1063 2914 1126 2984; x_wconf 84' lang='lat' dir='ltr'>Er·</span> <span class='ocrx_word' id='word_1_263' title='bbox 1237 2933 1344 3008; x_wconf 82' lang='lat' dir='ltr'>genus</span> <span class='ocrx_word' id='word_1_264' title='bbox 1370 2907 1470 2984; x_wconf 86' lang='lat' dir='ltr'>fuisse</span> <span class='ocrx_word' id='word_1_265' title='bbox 1495 2909 1633 3000; x_wconf 84' lang='lat' dir='ltr'>Judires</span> <span class='ocrx_word' id='word_1_266' title='bbox 1657 2917 1841 3007; x_wconf 81' lang='lat' dir='ltr'>Pagarum,</span> <span class='ocrx_word' id='word_1_267' title='bbox 1866 2913 2005 3003; x_wconf 76' lang='lat' dir='ltr'>Iudices</span> <span class='ocrx_word' id='word_1_268' title='bbox 2057 3001 2060 3008; x_wconf 87' lang='lat'>.</span> 
     </span>
     <span class='ocr_line' id='line_1_27' title="bbox 366 3009 2004 3116; baseline -0.004 -27"><span class='ocrx_word' id='word_1_269' title='bbox 366 3041 413 3116; x_wconf 88' lang='lat' dir='ltr'>go</span> <span class='ocrx_word' id='word_1_270' title='bbox 436 3041 519 3089; x_wconf 64' lang='lat' dir='ltr'>*non</span> <span class='ocrx_word' id='word_1_271' title='bbox 554 3015 682 3106; x_wconf 86' lang='lat' dir='ltr'>video,</span> <span class='ocrx_word' id='word_1_272' title='bbox 711 3014 794 3114; x_wconf 89' lang='lat' dir='ltr'>quei</span> <span class='ocrx_word' id='word_1_273' title='bbox 831 3011 986 3088; x_wconf 88' lang='lat' dir='ltr'>sustineri</span> <span class='ocrx_word' id='word_1_274' title='bbox 1023 3011 1126 3114; x_wconf 86' lang='lat' dir='ltr'>possit</span> <span class='ocrx_word' id='word_1_275' title='bbox 1237 3009 1462 3096; x_wconf 75' lang='lat' dir='ltr'>castellorum.</span> <span class='ocrx_word' id='word_1_276' title='bbox 1501 3015 1577 3084; x_wconf 89' lang='lat' dir='ltr'>Nos</span> <span class='ocrx_word' id='word_1_277' title='bbox 1613 3015 1829 3112; x_wconf 84' lang='lat' dir='ltr'>appellamus</span> <span class='ocrx_word' id='word_1_278' title='bbox 1859 3017 2004 3088; x_wconf 83' lang='lat' dir='ltr'>Praeto.</span> 
     </span>
     <span class='ocr_line' id='line_1_28' title="bbox 364 3111 2003 3217; baseline -0.007 -24"><span class='ocrx_word' id='word_1_279' title='bbox 364 3115 638 3193; x_wconf 74' lang='lat' dir='ltr'>Mediolanensrs</span> <span class='ocrx_word' id='word_1_280' title='bbox 662 3115 875 3216; x_wconf 84' lang='lat' dir='ltr'>Inscriptio,</span> <span class='ocrx_word' id='word_1_281' title='bbox 900 3111 964 3187; x_wconf 87' lang='lat' dir='ltr'>nili</span> <span class='ocrx_word' id='word_1_282' title='bbox 992 3111 1126 3188; x_wconf 88' lang='lat' dir='ltr'>senten·</span> <span class='ocrx_word' id='word_1_283' title='bbox 1237 3137 1291 3185; x_wconf 87' lang='lat' dir='ltr'>res</span> <span class='ocrx_word' id='word_1_284' title='bbox 1319 3113 1489 3190; x_wconf 88' lang='lat' dir='ltr'>Rurales.</span> <span class='ocrx_word' id='word_1_285' title='bbox 1524 3111 1736 3188; x_wconf 86' lang='lat' dir='ltr'>Germanica</span> <span class='ocrx_word' id='word_1_286' title='bbox 1763 3139 1834 3188; x_wconf 84' lang='lat' dir='ltr'>uox</span> <span class='ocrx_word' id='word_1_287' title='bbox 1870 3111 2003 3217; x_wconf 87' lang='lat' dir='ltr'>fignifi.</span> 
     </span>
     <span class='ocr_line' id='line_1_29' title="bbox 365 3209 2001 3317; baseline -0.007 -25"><span class='ocrx_word' id='word_1_288' title='bbox 365 3217 455 3292; x_wconf 86' lang='lat' dir='ltr'>tiam</span> <span class='ocrx_word' id='word_1_289' title='bbox 500 3217 754 3317; x_wconf 75' lang='lat' dir='ltr'>ampleslamur</span> <span class='ocrx_word' id='word_1_290' title='bbox 792 3213 988 3290; x_wconf 76' lang='lat' dir='ltr'>Clarissimi</span> <span class='ocrx_word' id='word_1_291' title='bbox 1027 3213 1127 3290; x_wconf 80' lang='lat' dir='ltr'>Sexii</span> <span class='ocrx_word' id='word_1_292' title='bbox 1168 3225 1202 3296; x_wconf 87' lang='lat' dir='ltr'>D</span> <span class='ocrx_word' id='word_1_293' title='bbox 1238 3229 1295 3286; x_wconf 88' lang='lat' dir='ltr'>cat</span> <span class='ocrx_word' id='word_1_294' title='bbox 1322 3209 1522 3288; x_wconf 88' lang='lat' dir='ltr'>debitorum</span> <span class='ocrx_word' id='word_1_295' title='bbox 1550 3211 1774 3304; x_wconf 78' lang='lat' dir='ltr'>exaslorem,</span> <span class='ocrx_word' id='word_1_296' title='bbox 1801 3214 1884 3290; x_wconf 88' lang='lat' dir='ltr'>telle</span> <span class='ocrx_word' id='word_1_297' title='bbox 1912 3213 2001 3290; x_wconf 86' lang='lat' dir='ltr'>Vos.</span> 
     </span>
     <span class='ocr_line' id='line_1_30' title="bbox 366 3309 2000 3408; baseline -0.001 -14"><span class='ocrx_word' id='word_1_298' title='bbox 366 3318 612 3394; x_wconf 88' lang='lat' dir='ltr'>Bibliothecae</span> <span class='ocrx_word' id='word_1_299' title='bbox 643 3315 895 3394; x_wconf 78' lang='lat' dir='ltr'>Ambrofianae</span> <span class='ocrx_word' id='word_1_300' title='bbox 932 3314 1127 3408; x_wconf 76' lang='lat' dir='ltr'>Praesebii,</span> <span class='ocrx_word' id='word_1_301' title='bbox 1238 3309 1306 3388; x_wconf 86' lang='lat' dir='ltr'>lio.</span> <span class='ocrx_word' id='word_1_302' title='bbox 1341 3315 1377 3388; x_wconf 86' lang='lat' dir='ltr'>A</span> <span class='ocrx_word' id='word_1_303' title='bbox 1415 3318 1526 3389; x_wconf 85' lang='lat' dir='ltr'>Paulo</span> <span class='ocrx_word' id='word_1_304' title='bbox 1560 3315 1774 3390; x_wconf 85' lang='lat' dir='ltr'>Warnesridi</span> <span class='ocrx_word' id='word_1_305' title='bbox 1811 3315 1894 3390; x_wconf 89' lang='lat' dir='ltr'>Lib.</span> <span class='ocrx_word' id='word_1_306' title='bbox 1934 3320 2000 3394; x_wconf 87' lang='lat' dir='ltr'>Vl.</span> 
     </span>
     <span class='ocr_line' id='line_1_31' title="bbox 366 3414 2000 3521; baseline -0.004 -25"><span class='ocrx_word' id='word_1_307' title='bbox 366 3419 494 3520; x_wconf 88' lang='lat' dir='ltr'>quiin</span> <span class='ocrx_word' id='word_1_308' title='bbox 523 3420 632 3497; x_wconf 89' lang='lat' dir='ltr'>Notis</span> <span class='ocrx_word' id='word_1_309' title='bbox 652 3420 695 3494; x_wconf 91' lang='lat' dir='ltr'>ad</span> <span class='ocrx_word' id='word_1_310' title='bbox 721 3419 907 3521; x_wconf 81' lang='lat' dir='ltr'>Sigonium</span> <span class='ocrx_word' id='word_1_311' title='bbox 933 3417 976 3493; x_wconf 89' lang='lat' dir='ltr'>de</span> <span class='ocrx_word' id='word_1_312' title='bbox 1004 3423 1128 3518; x_wconf 89' lang='lat' dir='ltr'>Regno</span> <span class='ocrx_word' id='word_1_313' title='bbox 1238 3418 1326 3512; x_wconf 80' lang='lat' dir='ltr'>Cap.</span> <span class='ocrx_word' id='word_1_314' title='bbox 1355 3439 1414 3509; x_wconf 82' lang='lat'>24.</span> <span class='ocrx_word' id='word_1_315' title='bbox 1435 3417 1478 3488; x_wconf 94' lang='lat' dir='ltr'>de</span> <span class='ocrx_word' id='word_1_316' title='bbox 1504 3414 1614 3488; x_wconf 87' lang='lat' dir='ltr'>Gellis</span> <span class='ocrx_word' id='word_1_317' title='bbox 1642 3417 1905 3512; x_wconf 77' lang='lat' dir='ltr'>Langobardos.</span> <span class='ocrx_word' id='word_1_318' title='bbox 1927 3443 2000 3490; x_wconf 84' lang='lat' dir='ltr'>me-</span> 
     </span>
     <span class='ocr_line' id='line_1_32' title="bbox 366 3513 2000 3638; baseline -0.006 -42"><span class='ocrx_word' id='word_1_319' title='bbox 366 3521 492 3638; x_wconf 47' lang='lat' dir='ltr'>ltdiae</span> <span class='ocrx_word' id='word_1_320' title='bbox 512 3547 589 3625; x_wconf 76' lang='lat' dir='ltr'>pug&#39;.</span> <span class='ocrx_word' id='word_1_321' title='bbox 605 3547 689 3619; x_wconf 84' lang='lat'>271.</span> <span class='ocrx_word' id='word_1_322' title='bbox 708 3520 922 3622; x_wconf 83' lang='lat' dir='ltr'>questionem</span> <span class='ocrx_word' id='word_1_323' title='bbox 942 3517 1033 3592; x_wconf 84' lang='lat' dir='ltr'>hauc</span> <span class='ocrx_word' id='word_1_324' title='bbox 1053 3544 1125 3592; x_wconf 83' lang='lat' dir='ltr'>ver·</span> <span class='ocrx_word' id='word_1_325' title='bbox 1237 3531 1395 3591; x_wconf 82' lang='lat' dir='ltr'>moratur</span> <span class='ocrx_word' id='word_1_326' title='bbox 1420 3513 1537 3584; x_wconf 75' lang='lat' dir='ltr'>Russur</span> <span class='ocrx_word' id='word_1_327' title='bbox 1561 3525 1618 3584; x_wconf 75' lang='lat' dir='ltr'>lucr</span> <span class='ocrx_word' id='word_1_328' title='bbox 1643 3515 1756 3603; x_wconf 80' lang='lat' dir='ltr'>illius,</span> <span class='ocrx_word' id='word_1_329' title='bbox 1793 3541 1882 3610; x_wconf 80' lang='lat' dir='ltr'>quem</span> <span class='ocrx_word' id='word_1_330' title='bbox 1906 3519 2000 3588; x_wconf 73' lang='lat' dir='ltr'>Seus-</span> 
     </span>
     <span class='ocr_line' id='line_1_33' title="bbox 365 3611 2001 3717; baseline -0.007 -19"><span class='ocrx_word' id='word_1_331' title='bbox 365 3623 692 3717; x_wconf 79' lang='lat' dir='ltr'>sans,³contendit,</span> <span class='ocrx_word' id='word_1_332' title='bbox 719 3621 954 3694; x_wconf 87' lang='lat' dir='ltr'>admittendas</span> <span class='ocrx_word' id='word_1_333' title='bbox 973 3617 1039 3691; x_wconf 91' lang='lat' dir='ltr'>else</span> <span class='ocrx_word' id='word_1_334' title='bbox 1058 3635 1128 3690; x_wconf 90' lang='lat' dir='ltr'>tres</span> <span class='ocrx_word' id='word_1_335' title='bbox 1236 3613 1331 3692; x_wconf 81' lang='lat' dir='ltr'>dubis</span> <span class='ocrx_word' id='word_1_336' title='bbox 1355 3614 1471 3710; x_wconf 80' lang='lat' dir='ltr'>lingud</span> <span class='ocrx_word' id='word_1_337' title='bbox 1502 3611 1633 3709; x_wconf 68' lang='lat' dir='ltr'>propris</span> <span class='ocrx_word' id='word_1_338' title='bbox 1657 3615 1792 3688; x_wconf 78' lang='lat' dir='ltr'>dicunt.</span> <span class='ocrx_word' id='word_1_339' title='bbox 1829 3617 1934 3714; x_wconf 88' lang='lat' dir='ltr'>Apud</span> <span class='ocrx_word' id='word_1_340' title='bbox 1963 3645 2001 3692; x_wconf 84' lang='lat' dir='ltr'>a.</span> 
     </span>
     <span class='ocr_line' id='line_1_34' title="bbox 365 3711 2001 3818; baseline -0.005 -20"><span class='ocrx_word' id='word_1_341' title='bbox 365 3723 518 3798; x_wconf 84' lang='lat' dir='ltr'>diverses</span> <span class='ocrx_word' id='word_1_342' title='bbox 532 3721 694 3806; x_wconf 81' lang='lat' dir='ltr'>Epoches</span> <span class='ocrx_word' id='word_1_343' title='bbox 711 3719 824 3818; x_wconf 83' lang='lat' dir='ltr'>Regni</span> <span class='ocrx_word' id='word_1_344' title='bbox 837 3716 1029 3808; x_wconf 88' lang='lat' dir='ltr'>Bernardi,</span> <span class='ocrx_word' id='word_1_345' title='bbox 1044 3723 1125 3815; x_wconf 83' lang='lat' dir='ltr'>qua&#39;·</span> <span class='ocrx_word' id='word_1_346' title='bbox 1237 3711 1307 3788; x_wconf 87' lang='lat' dir='ltr'>lios</span> <span class='ocrx_word' id='word_1_347' title='bbox 1325 3713 1487 3790; x_wconf 80' lang='lat' dir='ltr'>inuenies</span> <span class='ocrx_word' id='word_1_348' title='bbox 1506 3715 1687 3806; x_wconf 71' lang='lat' dir='ltr'>scatebris,</span> <span class='ocrx_word' id='word_1_349' title='bbox 1713 3717 1890 3809; x_wconf 69' lang='lat' dir='ltr'>sculdaiz,</span> <span class='ocrx_word' id='word_1_350' title='bbox 1906 3721 2001 3792; x_wconf 77' lang='lat' dir='ltr'>Scul-</span> 
     </span>
     <span class='ocr_line' id='line_1_35' title="bbox 365 3813 1998 3918; baseline -0.001 -22"><span class='ocrx_word' id='word_1_351' title='bbox 365 3829 454 3896; x_wconf 84' lang='lat' dir='ltr'>rum&#39;</span> <span class='ocrx_word' id='word_1_352' title='bbox 471 3846 538 3918; x_wconf 89' lang='lat' dir='ltr'>ope</span> <span class='ocrx_word' id='word_1_353' title='bbox 566 3816 722 3891; x_wconf 86' lang='lat' dir='ltr'>sustineri</span> <span class='ocrx_word' id='word_1_354' title='bbox 758 3815 862 3916; x_wconf 87' lang='lat' dir='ltr'>poffit</span> <span class='ocrx_word' id='word_1_355' title='bbox 897 3813 1038 3890; x_wconf 85' lang='lat' dir='ltr'>laudata</span> <span class='ocrx_word' id='word_1_356' title='bbox 1065 3843 1124 3892; x_wconf 86' lang='lat' dir='ltr'>nu·</span> <span class='ocrx_word' id='word_1_357' title='bbox 1237 3816 1366 3906; x_wconf 84' lang='lat' dir='ltr'>dubus,</span> <span class='ocrx_word' id='word_1_358' title='bbox 1397 3817 1560 3894; x_wconf 72' lang='lat' dir='ltr'>scalenus</span> <span class='ocrx_word' id='word_1_359' title='bbox 1593 3816 1663 3890; x_wconf 59' lang='lat' dir='ltr'>(Rc.</span> <span class='ocrx_word' id='word_1_360' title='bbox 1698 3815 1845 3892; x_wconf 88' lang='lat' dir='ltr'>nomina</span> <span class='ocrx_word' id='word_1_361' title='bbox 1872 3820 1998 3914; x_wconf 87' lang='lat' dir='ltr'>varia,</span> 
     </span>
     <span class='ocr_line' id='line_1_36' title="bbox 365 3914 1997 4022; baseline 0.001 -27"><span class='ocrx_word' id='word_1_362' title='bbox 365 3947 428 4022; x_wconf 88' lang='lat' dir='ltr'>per</span> <span class='ocrx_word' id='word_1_363' title='bbox 462 3917 676 4018; x_wconf 86' lang='lat' dir='ltr'>Inscriptio.</span> <span class='ocrx_word' id='word_1_364' title='bbox 711 3915 807 4011; x_wconf 88' lang='lat' dir='ltr'>Quei</span> <span class='ocrx_word' id='word_1_365' title='bbox 845 3943 929 3990; x_wconf 87' lang='lat' dir='ltr'>vero</span> <span class='ocrx_word' id='word_1_366' title='bbox 963 3915 1127 3992; x_wconf 83' lang='lat' dir='ltr'>Francici</span> <span class='ocrx_word' id='word_1_367' title='bbox 1238 3915 1527 4016; x_wconf 77' lang='lat' dir='ltr'>bLangobardis</span> <span class='ocrx_word' id='word_1_368' title='bbox 1553 3914 1734 3992; x_wconf 72' lang='lat' dir='ltr'>adhibita:</span> <span class='ocrx_word' id='word_1_369' title='bbox 1763 3939 1997 4016; x_wconf 77' lang='lat' dir='ltr'>quaerameo</span> 
     </span>
     <span class='ocr_line' id='line_1_37' title="bbox 365 4016 1999 4120; baseline -0.002 -24"><span class='ocrx_word' id='word_1_370' title='bbox 365 4019 560 4116; x_wconf 85' lang='lat' dir='ltr'>Scriptores</span> <span class='ocrx_word' id='word_1_371' title='bbox 584 4017 626 4093; x_wconf 91' lang='lat' dir='ltr'>ad</span> <span class='ocrx_word' id='word_1_372' title='bbox 650 4021 799 4093; x_wconf 89' lang='lat' dir='ltr'>Annum</span> <span class='ocrx_word' id='word_1_373' title='bbox 819 4016 950 4094; x_wconf 82' lang='lat' dir='ltr'>Christi</span> <span class='ocrx_word' id='word_1_374' title='bbox 976 4022 1126 4096; x_wconf 87' lang='lat' dir='ltr'><strong>DCCC·</strong></span> <span class='ocrx_word' id='word_1_375' title='bbox 1237 4017 1332 4093; x_wconf 91' lang='lat' dir='ltr'>idem</span> <span class='ocrx_word' id='word_1_376' title='bbox 1359 4017 1503 4093; x_wconf 82' lang='lat' dir='ltr'>sonant.</span> <span class='ocrx_word' id='word_1_377' title='bbox 1523 4020 1688 4092; x_wconf 80' lang='lat' dir='ltr'>Pedaueus</span> <span class='ocrx_word' id='word_1_378' title='bbox 1703 4025 1818 4110; x_wconf 77' lang='lat' dir='ltr'>Judex</span> <span class='ocrx_word' id='word_1_379' title='bbox 1843 4025 1999 4120; x_wconf 81' lang='lat' dir='ltr'>appella.</span> 
     </span>
     <span class='ocr_line' id='line_1_38' title="bbox 367 4118 1999 4218; baseline -0.001 -22"><span class='ocrx_word' id='word_1_380' title='bbox 367 4119 861 4198; x_wconf 76' lang='lat' dir='ltr'>xv111.refenntssernardi</span> <span class='ocrx_word' id='word_1_381' title='bbox 881 4125 1123 4212; x_wconf 87' lang='lat' dir='ltr'>mortrm‚1n·</span> <span class='ocrx_word' id='word_1_382' title='bbox 1168 4119 1196 4188; x_wconf 88' lang='grc' dir='ltr'>Ε</span> <span class='ocrx_word' id='word_1_383' title='bbox 1239 4139 1298 4196; x_wconf 90' lang='lat' dir='ltr'>tur</span> <span class='ocrx_word' id='word_1_384' title='bbox 1316 4119 1515 4210; x_wconf 81' lang='lat' dir='ltr'>Sculdascius</span> <span class='ocrx_word' id='word_1_385' title='bbox 1535 4119 1573 4194; x_wconf 91' lang='lat' dir='ltr'>in</span> <span class='ocrx_word' id='word_1_386' title='bbox 1593 4118 1721 4193; x_wconf 88' lang='lat' dir='ltr'>Glosiis</span> <span class='ocrx_word' id='word_1_387' title='bbox 1749 4121 1906 4218; x_wconf 89' lang='lat' dir='ltr'>antiquis</span> <span class='ocrx_word' id='word_1_388' title='bbox 1924 4129 1999 4198; x_wconf 83' lang='lat' dir='ltr'>Co.</span> 
     </span>
     <span class='ocr_line' id='line_1_39' title="bbox 365 4218 1998 4324; baseline -0.002 -26"><span class='ocrx_word' id='word_1_389' title='bbox 365 4223 514 4324; x_wconf 88' lang='lat' dir='ltr'>scriptio</span> <span class='ocrx_word' id='word_1_390' title='bbox 536 4249 621 4298; x_wconf 83' lang='lat' dir='ltr'>uero</span> <span class='ocrx_word' id='word_1_391' title='bbox 644 4223 687 4298; x_wconf 84' lang='lat' dir='ltr'>ad</span> <span class='ocrx_word' id='word_1_392' title='bbox 713 4223 920 4297; x_wconf 68' lang='lat' dir='ltr'>sordidiorem</span> <span class='ocrx_word' id='word_1_393' title='bbox 943 4224 1127 4314; x_wconf 79' lang='lat' dir='ltr'>Decirnam,</span> <span class='ocrx_word' id='word_1_394' title='bbox 1238 4219 1328 4296; x_wconf 89' lang='lat' dir='ltr'>dicis</span> <span class='ocrx_word' id='word_1_395' title='bbox 1355 4218 1520 4312; x_wconf 84' lang='lat' dir='ltr'>Estenfis‚</span> <span class='ocrx_word' id='word_1_396' title='bbox 1547 4219 1588 4296; x_wconf 89' lang='lat' dir='ltr'>ad</span> <span class='ocrx_word' id='word_1_397' title='bbox 1616 4219 1879 4321; x_wconf 76' lang='lat' dir='ltr'>significandum</span> <span class='ocrx_word' id='word_1_398' title='bbox 1899 4225 1998 4300; x_wconf 85' lang='lat' dir='ltr'>Scul.</span> 
     </span>
     <span class='ocr_line' id='line_1_40' title="bbox 365 4321 2001 4424; baseline -0.001 -26"><span class='ocrx_word' id='word_1_399' title='bbox 365 4351 454 4424; x_wconf 88' lang='lat' dir='ltr'>quae</span> <span class='ocrx_word' id='word_1_400' title='bbox 469 4349 549 4398; x_wconf 89' lang='lat' dir='ltr'>cum</span> <span class='ocrx_word' id='word_1_401' title='bbox 560 4328 670 4399; x_wconf 89' lang='lat' dir='ltr'>Anno</span> <span class='ocrx_word' id='word_1_402' title='bbox 684 4322 857 4399; x_wconf 84' lang='lat' dir='ltr'>duntaxat</span> <span class='ocrx_word' id='word_1_403' title='bbox 871 4325 1126 4400; x_wconf 83' lang='lat' dir='ltr'>Deccxvu.</span> <span class='ocrx_word' id='word_1_404' title='bbox 1239 4322 1372 4400; x_wconf 88' lang='lat' dir='ltr'>dascios</span> <span class='ocrx_word' id='word_1_405' title='bbox 1398 4321 1490 4398; x_wconf 86' lang='lat' dir='ltr'>infra</span> <span class='ocrx_word' id='word_1_406' title='bbox 1516 4322 1679 4398; x_wconf 88' lang='lat' dir='ltr'>Comites</span> <span class='ocrx_word' id='word_1_407' title='bbox 1706 4322 1832 4414; x_wconf 87' lang='lat' dir='ltr'>fuisse,</span> <span class='ocrx_word' id='word_1_408' title='bbox 1871 4351 1911 4400; x_wconf 90' lang='lat' dir='ltr'>ac</span> <span class='ocrx_word' id='word_1_409' title='bbox 1939 4331 2001 4416; x_wconf 78' lang='lat' dir='ltr'>Ju-</span> 
     </span>
     <span class='ocr_line' id='line_1_41' title="bbox 364 4421 1999 4528; baseline 0.001 -28"><span class='ocrx_word' id='word_1_410' title='bbox 364 4425 552 4528; x_wconf 76' lang='lat' dir='ltr'>conjunsia</span> <span class='ocrx_word' id='word_1_411' title='bbox 571 4423 888 4526; x_wconf 86' lang='lat' dir='ltr'>procedit,nescio</span> <span class='ocrx_word' id='word_1_412' title='bbox 907 4451 949 4499; x_wconf 86' lang='lat' dir='ltr'>an</span> <span class='ocrx_word' id='word_1_413' title='bbox 971 4423 1053 4500; x_wconf 86' lang='lat' dir='ltr'>satis</span> <span class='ocrx_word' id='word_1_414' title='bbox 1072 4425 1126 4500; x_wconf 87' lang='lat' dir='ltr'>di·</span> <span class='ocrx_word' id='word_1_415' title='bbox 1156 4421 1162 4444; x_wconf 91' lang='lat'>&#39;</span> <span class='ocrx_word' id='word_1_416' title='bbox 1241 4423 1358 4515; x_wconf 84' lang='lat' dir='ltr'>dices,</span> <span class='ocrx_word' id='word_1_417' title='bbox 1394 4441 1434 4498; x_wconf 94' lang='lat' dir='ltr'>ut</span> <span class='ocrx_word' id='word_1_418' title='bbox 1460 4425 1559 4524; x_wconf 84' lang='lat' dir='ltr'>ajunt</span> <span class='ocrx_word' id='word_1_419' title='bbox 1595 4423 1632 4498; x_wconf 91' lang='lat' dir='ltr'>in</span> <span class='ocrx_word' id='word_1_420' title='bbox 1661 4421 1772 4524; x_wconf 89' lang='lat' dir='ltr'>prima</span> <span class='ocrx_word' id='word_1_421' title='bbox 1807 4425 1999 4508; x_wconf 80' lang='lat' dir='ltr'>instantia.</span> 
     </span>
    </p>
   </div>
   <div class='ocr_carea' id='block_1_5' title="bbox 256 4523 2019 4616">
    <p class='ocr_par' dir='ltr' id='par_1_5' title="bbox 256 4523 2019 4616">
     <span class='ocr_line' id='line_1_42' title="bbox 256 4523 2019 4616; baseline 0.002 -14"><span class='ocrx_word' id='word_1_422' title='bbox 256 4581 260 4586; x_wconf 90' lang='lat'>-</span> <span class='ocrx_word' id='word_1_423' title='bbox 362 4527 481 4602; x_wconf 90' lang='lat' dir='ltr'>lucide</span> <span class='ocrx_word' id='word_1_424' title='bbox 505 4527 672 4600; x_wconf 76' lang='lat' dir='ltr'>baslensis</span> <span class='ocrx_word' id='word_1_425' title='bbox 698 4525 969 4606; x_wconf 84' lang='lat' dir='ltr'>demonstratum</span> <span class='ocrx_word' id='word_1_426' title='bbox 995 4524 1125 4602; x_wconf 90' lang='lat' dir='ltr'>suerit.</span> <span class='ocrx_word' id='word_1_427' title='bbox 1243 4523 1332 4604; x_wconf 86' lang='lat' dir='ltr'>Dixi</span> <span class='ocrx_word' id='word_1_428' title='bbox 1368 4527 1498 4600; x_wconf 86' lang='lat' dir='ltr'>rurales</span> <span class='ocrx_word' id='word_1_429' title='bbox 1537 4525 1703 4616; x_wconf 77' lang='lat' dir='ltr'>Iudices,</span> <span class='ocrx_word' id='word_1_430' title='bbox 1743 4529 1779 4599; x_wconf 72' lang='grc' dir='ltr'>ἃ</span> <span class='ocrx_word' id='word_1_431' title='bbox 1814 4526 2019 4612; x_wconf 66' lang='lat' dir='ltr'>inferiores,</span> 
     </span>
    </p>
   </div>
   <div class='ocr_carea' id='block_1_6' title="bbox 363 4624 2000 4730">
    <p class='ocr_par' dir='ltr' id='par_1_6' title="bbox 363 4624 2000 4730">
     <span class='ocr_line' id='line_1_43' title="bbox 363 4624 2000 4730; baseline -0.003 -28"><span class='ocrx_word' id='word_1_432' title='bbox 363 4625 471 4723; x_wconf 88' lang='lat' dir='ltr'>Quod</span> <span class='ocrx_word' id='word_1_433' title='bbox 485 4645 620 4702; x_wconf 89' lang='lat' dir='ltr'>certum</span> <span class='ocrx_word' id='word_1_434' title='bbox 639 4625 686 4701; x_wconf 86' lang='lat' dir='ltr'>cll</span> <span class='ocrx_word' id='word_1_435' title='bbox 704 4625 898 4701; x_wconf 87' lang='lat' dir='ltr'>miserrime</span> <span class='ocrx_word' id='word_1_436' title='bbox 910 4626 1005 4700; x_wconf 89' lang='lat' dir='ltr'>diem</span> <span class='ocrx_word' id='word_1_437' title='bbox 1024 4626 1123 4701; x_wconf 90' lang='lat' dir='ltr'>suum</span> <span class='ocrx_word' id='word_1_438' title='bbox 1240 4625 1423 4717; x_wconf 88' lang='lat' dir='ltr'>Judicibus</span> <span class='ocrx_word' id='word_1_439' title='bbox 1450 4624 1518 4700; x_wconf 80' lang='lat' dir='ltr'>stre</span> <span class='ocrx_word' id='word_1_440' title='bbox 1544 4626 1770 4701; x_wconf 88' lang='lat' dir='ltr'>Comiribus.</span> <span class='ocrx_word' id='word_1_441' title='bbox 1807 4631 2000 4730; x_wconf 77' lang='lat' dir='ltr'>Liutprsm</span> 
     </span>
    </p>
   </div>
   <div class='ocr_carea' id='block_1_7' title="bbox 362 4725 2000 4952">
    <p class='ocr_par' dir='ltr' id='par_1_7' title="bbox 362 4725 2000 4952">
     <span class='ocr_line' id='line_1_44' title="bbox 362 4725 1998 4827; baseline 0.001 -23"><span class='ocrx_word' id='word_1_442' title='bbox 362 4728 557 4804; x_wconf 73' lang='lat' dir='ltr'>Bernartius</span> <span class='ocrx_word' id='word_1_443' title='bbox 583 4726 709 4803; x_wconf 88' lang='lat' dir='ltr'>Italiae</span> <span class='ocrx_word' id='word_1_444' title='bbox 735 4731 813 4801; x_wconf 84' lang='lat' dir='ltr'>Rex</span> <span class='ocrx_word' id='word_1_445' title='bbox 839 4725 959 4818; x_wconf 91' lang='lat' dir='ltr'>obiit,</span> <span class='ocrx_word' id='word_1_446' title='bbox 995 4726 1123 4804; x_wconf 75' lang='lat' dir='ltr'>relislo</span> <span class='ocrx_word' id='word_1_447' title='bbox 1240 4727 1303 4802; x_wconf 88' lang='lat' dir='ltr'>dus</span> <span class='ocrx_word' id='word_1_448' title='bbox 1346 4731 1423 4802; x_wconf 85' lang='lat' dir='ltr'>Rex</span> <span class='ocrx_word' id='word_1_449' title='bbox 1458 4725 1496 4800; x_wconf 86' lang='lat' dir='ltr'>iu</span> <span class='ocrx_word' id='word_1_450' title='bbox 1538 4733 1635 4827; x_wconf 87' lang='lat' dir='ltr'>Lege</span> <span class='ocrx_word' id='word_1_451' title='bbox 1671 4733 1772 4804; x_wconf 87' lang='lat' dir='ltr'>Vlll.</span> <span class='ocrx_word' id='word_1_452' title='bbox 1812 4731 1896 4806; x_wconf 93' lang='lat' dir='ltr'>Lib.</span> <span class='ocrx_word' id='word_1_453' title='bbox 1932 4735 1998 4806; x_wconf 81' lang='lat' dir='ltr'>IV.</span> 
     </span>
     <span class='ocr_line' id='line_1_45' title="bbox 362 4823 2000 4952; baseline -0.002 -46"><span class='ocrx_word' id='word_1_454' title='bbox 362 4829 447 4952; x_wconf 80' lang='lat' dir='ltr'>poss</span> <span class='ocrx_word' id='word_1_455' title='bbox 471 4828 504 4904; x_wconf 91' lang='lat' dir='ltr'>se</span> <span class='ocrx_word' id='word_1_456' title='bbox 537 4829 678 4926; x_wconf 82' lang='lat' dir='ltr'>Pippinc</span> <span class='ocrx_word' id='word_1_457' title='bbox 718 4825 821 4904; x_wconf 84' lang='lat' dir='ltr'>silio.</span> <span class='ocrx_word' id='word_1_458' title='bbox 862 4827 1122 4904; x_wconf 71' lang='lat' dir='ltr'>sammarthani</span> <span class='ocrx_word' id='word_1_459' title='bbox 1233 4823 1324 4902; x_wconf 79' lang='lat' dir='ltr'>haec</span> <span class='ocrx_word' id='word_1_460' title='bbox 1360 4827 1487 4904; x_wconf 84' lang='lat' dir='ltr'>habet:</span> <span class='ocrx_word' id='word_1_461' title='bbox 1527 4829 1568 4900; x_wconf 83' lang='lat' dir='ltr'>Si</span> <span class='ocrx_word' id='word_1_462' title='bbox 1601 4829 1739 4903; x_wconf 76' lang='lat' dir='ltr'>hmines</span> <span class='ocrx_word' id='word_1_463' title='bbox 1769 4833 1811 4904; x_wconf 79' lang='lat' dir='ltr'>de</span> <span class='ocrx_word' id='word_1_464' title='bbox 1841 4832 1904 4924; x_wconf 73' lang='lat' dir='ltr'>sub</span> <span class='ocrx_word' id='word_1_465' title='bbox 1936 4858 2000 4903; x_wconf 81' lang='lat' dir='ltr'>uus</span> 
     </span>
    </p>
   </div>
   <div class='ocr_carea' id='block_1_8' title="bbox 361 4927 2000 5115">
    <p class='ocr_par' dir='ltr' id='par_1_8' title="bbox 361 4927 2000 5115">
     <span class='ocr_line' id='line_1_46' title="bbox 361 4927 2000 5115; baseline -0.002 -107"><span class='ocrx_word' id='word_1_466' title='bbox 361 4957 401 5008; x_wconf 88' lang='lat' dir='ltr'>m</span> <span class='ocrx_word' id='word_1_467' title='bbox 428 4931 561 5009; x_wconf 83' lang='lat' dir='ltr'>Histris.</span> <span class='ocrx_word' id='word_1_468' title='bbox 588 4927 816 5032; x_wconf 88' lang='lat' dir='ltr'>Genealogic.</span> <span class='ocrx_word' id='word_1_469' title='bbox 847 4929 978 5030; x_wconf 88' lang='lat' dir='ltr'>Regiae</span> <span class='ocrx_word' id='word_1_470' title='bbox 1004 4929 1122 5004; x_wconf 87' lang='lat' dir='ltr'>Fami·</span> <span class='ocrx_word' id='word_1_471' title='bbox 1148 4983 1161 5115; x_wconf 56' lang='grc' dir='ltr'>Ι</span> <span class='ocrx_word' id='word_1_472' title='bbox 1231 4929 1373 5022; x_wconf 83' lang='lat' dir='ltr'>Judice,</span> <span class='ocrx_word' id='word_1_473' title='bbox 1399 4932 1439 5006; x_wconf 82' lang='lat' dir='ltr'>dc</span> <span class='ocrx_word' id='word_1_474' title='bbox 1462 4931 1714 5004; x_wconf 70' lang='lat' dir='ltr'>duobusramis</span> <span class='ocrx_word' id='word_1_475' title='bbox 1738 4932 1906 5022; x_wconf 77' lang='lat' dir='ltr'>Sciuldais,</span> <span class='ocrx_word' id='word_1_476' title='bbox 1924 4958 2000 5004; x_wconf 81' lang='lat' dir='ltr'>eurr-</span> 
     </span>
    </p>
   </div>
   <div class='ocr_carea' id='block_1_9' title="bbox 362 5027 2059 5134">
    <p class='ocr_par' dir='ltr' id='par_1_9' title="bbox 362 5027 2059 5134">
     <span class='ocr_line' id='line_1_47' title="bbox 362 5027 2059 5134; baseline -0.001 -26"><span class='ocrx_word' id='word_1_477' title='bbox 362 5032 433 5112; x_wconf 88' lang='lat' dir='ltr'>liae</span> <span class='ocrx_word' id='word_1_478' title='bbox 467 5033 656 5113; x_wconf 77' lang='lat' dir='ltr'>Francicus</span> <span class='ocrx_word' id='word_1_479' title='bbox 690 5029 775 5110; x_wconf 91' lang='lat' dir='ltr'>Lib.</span> <span class='ocrx_word' id='word_1_480' title='bbox 811 5033 877 5106; x_wconf 82' lang='lat' dir='ltr'>IV.</span> <span class='ocrx_word' id='word_1_481' title='bbox 903 5035 991 5134; x_wconf 89' lang='lat' dir='ltr'>Cap.</span> <span class='ocrx_word' id='word_1_482' title='bbox 1018 5033 1122 5109; x_wconf 83' lang='lat' dir='ltr'>xm.</span> <span class='ocrx_word' id='word_1_483' title='bbox 1233 5031 1306 5126; x_wconf 74' lang='lat' dir='ltr'>sam</span> <span class='ocrx_word' id='word_1_484' title='bbox 1330 5031 1525 5124; x_wconf 80' lang='lat' dir='ltr'>habuerint,</span> <span class='ocrx_word' id='word_1_485' title='bbox 1561 5032 1616 5106; x_wconf 79' lang='lat' dir='ltr'>ille</span> <span class='ocrx_word' id='word_1_486' title='bbox 1640 5033 1697 5130; x_wconf 76' lang='lat' dir='ltr'>qui</span> <span class='ocrx_word' id='word_1_487' title='bbox 1727 5033 1859 5132; x_wconf 77' lang='lat' dir='ltr'>pullas,</span> <span class='ocrx_word' id='word_1_488' title='bbox 1892 5035 2003 5106; x_wconf 76' lang='lat' dir='ltr'>oadae-</span> <span class='ocrx_word' id='word_1_489' title='bbox 2055 5027 2059 5042; x_wconf 80' lang='lat'>&#39;</span> 
     </span>
    </p>
   </div>
   <div class='ocr_carea' id='block_1_10' title="bbox 0 0 2290 6096">
    <p class='ocr_par' dir='ltr' id='par_1_10' title="bbox 0 0 2290 6096">
     <span class='ocr_line' id='line_1_48' title="bbox 0 0 2290 6096; baseline 0 0"><span class='ocrx_word' id='word_1_490' title='bbox 0 0 2290 6096; x_wconf 95' lang='lat' dir='ltr'> </span> 
     </span>
    </p>
   </div>
  </div>
 </body>
</html>
