4570 6096
341 355 407 469 '33'
703 343 1222 438 DISSERTATIO
1282 347 1513 443 Nune·

131 513 135 522 ·
282 475 314 562 3',
340 465 492 565 conjuge
525 462 632 562 ipfius
657 464 868 541 Adalberti.
905 463 1051 540 Reteua
1089 466 1123 538 A
1160 525 1185 564 „
1212 493 1352 543 rorum.
1388 471 1437 544 Et
1462 465 1537 568 ipse
1563 463 1725 543 Bonilrit
1758 462 1835 542 illis
1860 467 1929 542 hae

286 623 314 664 „
342 564 497 665 predidla
532 565 644 642 nostra
679 570 827 644 Cartala
869 565 913 640 da
955 585 1052 665 parte
1159 625 1185 664 „
1211 568 1312 644 causa
1347 569 1502 672 qualiter
1535 567 1631 644 inter
1657 595 1721 642 nor
1747 567 1826 643 adia
1851 567 1928 661 est,

288 724 316 764 „
342 668 550 744 Monasterii
586 687 661 744 erat
699 675 880 744 anterior.
913 669 1051 758 Judica·
1160 727 1185 766 „
1211 688 1297 744 nota
1324 667 1480 762 faceret,
1506 671 1543 744 dt
1568 669 1642 770 ipse
1669 673 1846 770 Teutpert
1872 669 1927 746 di·

289 801 315 864 3,
342 788 418 846 tum
446 771 492 846 ell
521 769 617 846 inter
652 797 743 861 nos,
779 789 819 844 ut
854 770 914 844 ille
941 772 1052 843 Teut·
1159 827 1185 865 „
1212 770 1448 871 ceret,quod
1469 797 1592 846 verum
1613 797 1685 846 uon
1706 788 1803 862 erat,
1823 788 1864 846 ut
1883 771 1927 844 de

288 926 315 967 „
343 892 483 970 pertus,
519 871 582 972 qui
618 871 717 947 causa
751 871 865 947 eidem
903 869 982 945 filio
1016 873 1052 946 &
1159 930 1184 968 „
1210 872 1390 950 auctorem
1418 871 1632 948 cecidimus.
1656 871 1859 963 judicatum
1878 872 1929 946 est

287 1026 314 1068 ‚,
342 979 482 1050 Norace
508 972 565 1048 sue
592 973 799 1076 peragebat,
834 973 933 1047 daret
960 971 1052 1047 mibi
1160 1029 1185 1069 „
1211 975 1285 1066 eia,
1321 993 1362 1049 ut
1387 1001 1454 1076 ego
1480 973 1544 1074 qui
1572 973 1698 1074 primis
1732 972 1863 1048 exinde
1889 999 1926 1048 a·

287 1127 315 1167 „
340 1075 481 1150 vadiam
507 1074 551 1148 de
577 1074 755 1150 auclorem
791 1073 870 1174 ipso
899 1075 1051 1148 Brunin·
1158 1131 1185 1170 „
1211 1095 1359 1152 vocatus
1377 1075 1502 1168 ium&
1524 1075 1624 1150 eausa
1642 1073 1718 1174 ipsa
1743 1072 1927 1176 postquam

286 1227 314 1268 „
341 1203 413 1278 go,
449 1176 511 1277 qui
547 1176 585 1250 ui
611 1203 709 1251 orem
735 1180 884 1252 Cartula
910 1174 985 1276 ipsa
1010 1175 1051 1250 in
1158 1231 1184 1271 „
1211 1178 1350 1254 veniret
1375 1182 1445 1254 und
1471 1175 1614 1252 insimul
1641 1193 1723 1252 cum
1759 1176 1924 1250 eumdem

285 1319 312 1370 „
339 1278 458 1352 eadem
486 1276 562 1352 filia
587 1203 647 1353 iua
682 1277 875 1378 emiserat;
902 1275 988 1352 ficut
1013 1279 1049 1350 δι
1158 1335 1186 1373 „
1209 1279 1364 1355 Ansutfo
1390 1279 1570 1368 Scarino,
1596 1280 1631 1353 dc
1658 1276 1768 1352 ceteri
1805 1275 1925 1352 homi·

281 1423 312 1472 „
338 1379 436 1456 dedit
458 1379 550 1453 mihi
569 1380 672 1455 vadia
692 1381 734 1456 de
752 1378 831 1476 ipso
849 1379 1050 1453 audiorem.
1087 1385 1117 1455 B
1156 1436 1182 1475 „
1209 1407 1291 1473 nes,
1311 1381 1375 1482 qui
1401 1381 1435 1457 se
1460 1379 1590 1456 exinde
1607 1378 1853 1455 recordarent.
1874 1381 1925 1452 Et

284 1491 311 1572 ·,',
337 1485 385 1554 Et
411 1480 463 1554 ibi
491 1479 629 1582 profeffr
656 1481 736 1556 sunt
758 1479 832 1580 ipse
851 1483 1049 1578 Teutperto
1156 1537 1184 1576 „
1209 1483 1331 1558 taliter
1355 1482 1622 1572 wadiaverunt.
1658 1484 1707 1554 Et
1732 1478 1925 1556 odie.....

283 1633 311 1676 „
336 1585 372 1656 δι
400 1581 479 1657 lilio
498 1583 573 1682 ejus
594 1583 813 1666 Adelberto,
833 1581 927 1680 quod
947 1584 1050 1657 nullo
1156 1638 1182 1676 „
1208 1585 1350 1660 millum
1376 1582 1441 1659 est.
1476 1589 1569 1658 Ecce
1607 1608 1664 1658 me
1699 1580 1924 1679 Teutpaldus

283 1736 310 1775 „
337 1683 410 1758 alio
438 1683 637 1757 monimine
656 1684 739 1758 inde
759 1684 897 1758 aberet.
916 1687 964 1758 Et
982 1710 1048 1802 eqo
1157 1738 1182 1778 „
1209 1706 1349 1779 paratus
1376 1711 1456 1760 cum
1483 1685 1548 1760 isto
1574 1682 1729 1758 Anfulfo
1765 1682 1922 1756 Scauino

282 1835 310 1876 „
336 1784 435 1858 dedit
461 1785 495 1858 ei
521 1783 674 1858 wadiam
695 1785 738 1858 de
758 1784 933 1859 Placitum
954 1786 989 1857 ἃ
1009 1811 1047 1858 tn
1156 1783 1446 1888 „interrogavit
1481 1811 1586 1876 euna,
1621 1783 1682 1882 qui
1711 1781 1840 1858 exinde
1866 1809 1922 1857 re·

283 1938 309 1978 „
338 1885 537 1972 Placitum,
552 1886 647 1983 quod
669 1885 881 1960 internodia
896 1884 1043 1985 politum
1156 1941 1180 1978 „
1208 1888 1379 1979 condant,
1406 1906 1468 1962 aut
1493 1886 1649 1986 qualiter
1673 1885 1713 1960 in
1740 1885 1815 1984 ejus
1842 1908 1919 1986 pre·

283 2039 309 2080 „
334 1985 380 2061 eli
396 1987 438 2062 ad
458 1985 626 2060 Oratorio
641 1986 766 2061 Sandie
781 1986 900 2060 Marie
915 1987 954 2062 in
975 1993 1042 2063 La·
1154 2041 1180 2080 „
1207 1986 1323 2065 sencia
1348 1988 1466 2064 adium
1494 1989 1560 2064 est.

283 2143 309 2182 „
336 2115 465 2162 curno.
492 2087 666 2162 Venimus
690 2089 809 2163 ambas
836 2106 950 2185 partes
970 2116 1043 2189 pre·
1205 2096 1288 2162 Cam
1322 2089 1386 2188 ipse
1419 2092 1599 2190 Triopeida
1622 2097 1777 2164 Auream
1808 2086 1921 2161 relirrr

282 2241 310 2281 „
336 2187 448 2263 sentia
473 2185 577 2288 ipsius
605 2187 756 2288 lsengari
783 2189 1042 2266 Sculdalcio&
1075 2247 1076 2252 η
1152 2193 1319 2266 ameriam
1345 2193 1457 2279 nolitis
1477 2191 1637 2290 presencia
1661 2184 1840 2284 reeulr'ffet,
1869 2187 1918 2274 fir

282 2341 309 2382 „
335 2287 478 2365 Ansulfi
493 2287 694 2363 scavino&
710 2287 977 2364 relieorum.Et
992 2291 1044 2366 ibi
1080 2281 1113 2352 C
1153 2319 1228 2382 aar,
1242 2293 1300 2390 qui
1311 2290 1920 2389 supraAudiraribusr'merragavimrrs

280 2445 309 2486 „
334 2389 556 2466 ostenderunt
578 2389 693 2489 ipsum
721 2389 926 2490 Braningo,
953 2391 1044 2466 unde
1152 2395 1291 2466 mandem
1316 2401 1489 2489 Teueperr,
1515 2393 1586 2490 quir
1611 2392 1764 2484 aduersus
1788 2391 1841 2464 hee
1865 2391 1920 2464 di·
2014 2401 2018 2410 '

283 2547 309 2587 „
335 2491 425 2566 mihi
452 2490 570 2566 wadia
596 2490 640 2566 de
665 2491 844 2566 audiorem
864 2492 986 2594 dedit3
1007 2496 1042 2568 ἃ
1151 2521 1215 2566 rere
1239 2496 1381 2568 voleret.
1406 2495 1476 2589 ‚Qui
1500 2493 1587 2566 diaria
1612 2493 1659 2565 (9·
1677 2486 1828 2588 profrfflu
1849 2490 1920 2579 est:

282 2649 308 2688 „
334 2591 546 2692 quesivimus
566 2591 656 2692 ipsas
676 2621 728 2668 tes
749 2593 835 2666 ficut
855 2591 1041 2694 primitur.
1150 2647 1176 2686 „
1205 2595 1370 2694 Veritaa;
1398 2594 1482 2692 quia
1509 2621 1575 2668 noe
1599 2593 1734 2668 malasti
1760 2589 1802 2666 de
1822 2589 1918 2668 casas

282 2752 310 2792 „
336 2699 557 2794 Interrogato
583 2695 870 2814 ipsoliruningo
899 2697 943 2770 ab
961 2695 1042 2798 iplir
1150 2749 1176 2788 „
1201 2697 1240 2768 δι
1264 2723 1320 2770 rea
1345 2695 1437 2796 ipsas
1471 2695 1529 2772 seo
1564 2693 1703 2770 famil-ia
1729 2692 1768 2768 in
1796 2694 1916 2768 Baler·

282 2853 307 2894 „
334 2795 597 2885 Auditoribus,
625 2796 649 2870 sr
677 2797 799 2874 audior
824 2795 939 2896 ipsum
967 2798 1039 2873 exi·
1149 2851 1178 2890 „
1201 2821 1268 2898 na3
1304 2799 1340 2872 de
1376 2798 1498 2872 ambae
1577 2815 1646 2872 rtes
1683 2795 1848 2872 Cartulas
1874 2821 1915 2868 o·

215 2931 219 2938 ·
281 2955 309 2997 ‚,
334 2897 434 2972 lieret
459 2897 501 2972 de
527 2898 611 2997 ipfis
634 2899 716 2974 calis
739 2903 774 2974 dc
793 2899 897 2974 rebus
915 2903 975 2974 vel·
993 2899 1041 2974 fa·
1149 2955 1174 2994 „
1201 2897 1419 2974 llendimua.
1455 2903 1502 2974 Et
1528 2824 1615 2974 dior
1641 2897 1715 2998 ipse
1741 2897 1915 2992 Teutpal·

281 3055 309 3096 ,‚
334 2997 471 3094 miliia,
506 3025 550 3072 an
577 3025 671 3092 non,
697 3004 733 3074 dt
760 2999 833 3100 ipse
860 3001 1042 3102 Brunirrgo
1149 2999 1250 3094 „do
1273 2999 1390 3094 dicit,
1415 2999 1533 3076 rvadia
1558 2999 1640 3076 dedi
1667 2997 1710 3075 de
1730 2997 1807 3099 ipso
1827 2999 1916 3072 Bru·

280 3155 310 3197 ,‚
333 3099 451 3186 dixit,
490 3099 585 3198 quod
620 3101 663 3174 de
692 3101 782 3200 ipsas
809 3101 902 3176 casae
927 3105 965 3176 ἃ
990 3131 1042 3176 ree
1149 3101 1312 3202 „ningo
1338 3101 1545 3192 auctorem,
1581 3104 1616 3176 dt
1653 3100 1759 3176 nobis
1782 3097 1917 3174 exinde

280 3257 309 3297 ‚,
335 3202 392 3274 rel
418 3199 559 3272 familia
593 3200 715 3276 audior
741 3229 812 3276 non
839 3203 943 3292 effer,
979 3202 1042 3276 nili
1078 3185 1114 3254 ⁰
1149 3258 1174 3297 „
1202 3201 1325 3277 audior
1359 3201 1458 3304 &523
1494 3206 1530 3277 ἃ
1565 3229 1638 3276 non
1674 3200 1918 3276 decatevimus

282 3357 308 3397 ‚,
335 3318 476 3376 tantum
516 3299 562 3373 dc
597 3300 712 3400 fruges
747 3325 868 3378 earum
903 3327 1044 3376 rerum.
1150 3357 1175 3394 „
1201 3303 1244 3376 de
1270 3303 1471 3378 auetorem.
1491 3359 1516 3396 „
1543 3310 1632 3378 Dum
1657 3305 1768 3376 tallere
1785 3327 1914 3398 agerea-

280 3459 307 3499 „
334 3407 381 3476 Et
408 3399 460 3476 ibi
487 3399 690 3476 ceciderunt
716 3401 760 3476 de
785 3401 987 3495 audiorenr,
1008 3406 1043 3476 dt
1149 3423 1223 3492 eur,
1250 3402 1514 3498 interrogavimus
1541 3406 1606 3500 ipso
1630 3404 1773 3496 mirisa
1797 3402 1914 3476 Serui-
1999 3431 2006 3442 ¹

281 3559 309 3600 ‚,
333 3501 530 3606 judicatum
555 3501 602 3575 eil
626 3502 699 3594 eis,
735 3521 778 3580 ut
801 3501 894 3578 mihi
920 3505 940 3578 d
968 3531 1037 3604 par·
1149 3529 1211 3594 er,
1236 3502 1297 3600 qui
1319 3503 1366 3574 ibi
1390 3503 1585 3600 dpeeserr,
1607 3504 1679 3598 quir
1695 3505 1810 3576 deber
1826 3499 1916 3574 'rau-

282 3661 311 3701 „
335 3625 370 3682 te
397 3601 501 3699 ipsus
527 3605 756 3697 Monallerii,
793 3604 972 3706 postquam
1000 3605 1043 3681 de
1141 3607 1184 3700 sa
1208 3605 1407 3696 recordarer,
1434 3605 1523 3676 nobis
1548 3623 1662 3676 errem
1686 3604 1802 3674 dicerer
1827 3599 1915 3674 vert

282 3763 310 3804 „
334 3705 512 3782 audiorem
548 3707 772 3795 ceciderunt,
809 3707 901 3780 casas
927 3709 962 3781 u
988 3733 1042 3784 res
1147 3725 1267 3781 ratem.
1303 3704 1374 3800 ,Qui
1406 3705 1526 3778 diaria:
1558 3758 1586 3797 „
1611 3707 1708 3780 Bene
1742 3700 1918 3795 recordo,

280 3865 309 3906 „
333 3807 424 3909 ipsas
459 3805 518 3882 feo
552 3806 690 3884 familia
726 3810 949 3900 relaxarent,
984 3809 1041 3884 sed
1147 3865 1172 3903 „
1199 3808 1285 3904 quia
1310 3825 1483 3882 venerum
1509 3805 1547 3880 in
1575 3805 1710 3906 judicio
1738 3803 1810 3880 mei
1838 3829 1917 3905 pre·

282 3968 308 4007 „
335 3911 524 3984 noluerunt
538 3907 674 3986 redere.
692 3909 834 3986 Posthac
849 3909 951 3984 venit
967 3937 1039 4012 prr·
1147 3965 1172 4004 „
1199 3905 1315 3984 sentia
1349 3909 1384 3982 ἃ
1423 3905 1588 3984 lsencarii
1633 3903 1833 3984 Sculdascio
1876 3907 1914 3979 dt

279 4067 309 4110 ‚,
334 4010 450 4087 sentia⁴
460 4010 612 4110 ejusdem
629 4013 749 4084 Domni
763 4011 1039 4108 ,engeramnu-
1147 4067 1174 4107 ,‚
1198 4009 1413 4086 relicorum.
1439 4013 1490 4084 Et
1513 4008 1613 4086 caula
1632 4007 1731 4108 ipsa,
1758 4007 1917 4107 qualiter

278 4113 487 4212 rdiepiseopi‚
523 4115 567 4186 θ
600 4115 755 4186 Leodeim'
790 4113 912 4185 Camiri
949 4115 1043 4208 Miffi
1074 4113 1105 4184 Ε
1147 4167 1172 4210 „
1199 4111 1261 4186 ine
1295 4111 1503 4211 Tempaldo
1537 4115 1723 4186 Avoeatus
1755 4111 1914 4204 retulit,

278 4213 458 4314 inperialis
484 4268 509 4305 ,‚
536 4212 576 4291 in
610 4214 730 4290 eadem
763 4214 927 4290 Ciuitate
962 4219 1034 4288 Me·
1148 4269 1173 4310 ,‚
1199 4211 1245 4286 lic
1270 4211 1403 4288 saelum
1430 4211 1496 4287 est.
1522 4215 1570 4288 Et
1596 4211 1700 4288 venit
1724 4209 1797 4312 ipse
1825 4215 1913 4294 Bru,

279 4373 309 4412 „
324 4315 465 4392 ⁴diolaui
488 4315 547 4390 iste
563 4315 720 4390 Bonifrit
739 4314 1040 4409 Avoeatusipsrus
1148 4371 1173 4412 „
1199 4313 1327 4416 ningere
1354 4313 1395 4389 ia
1420 4314 1544 4394 eodem
1573 4313 1771 4400 Placitum,
1796 4316 1835 4390 δι
1859 4315 1918 4391 di·

278 4473 308 4513 „
331 4415 560 4502 Monasterii,
575 4421 610 4492 ἃ
630 4415 781 4513 quelivit
797 4418 914 4492 eidem
928 4421 1035 4493 Teut·
1148 4473 1173 4514 ‚,
1199 4413 1283 4491 xit:
1310 4419 1399 4492 Nou
1422 4415 1498 4493 lum
1524 4416 1678 4516 emplius
1704 4415 1829 4506 audior
1847 4443 1919 4492 nec

276 4575 304 4616 ‚‚
1199 4513 1636 4723 :araneae
1660 4518 1916 4720 atita

275 4677 302 4718 ar
1147 4677 1174 4715 rr
1902 4673 1916 4694 ⁶

270 4777 300 4822 „
327 4720 842 4814 Vieedomino,&Johanni,
866 4721 928 4798 seo
951 4729 1032 4799 uor-
1147 4725 1247 4818 „Et
1296 4723 1519 4798 decaterunt'
1540 4723 1584 4799 de
1624 4723 1804 4800 auiiotem
1853 4721 1912 4798 ille

278 4826 423 4926 „perti
455 4823 642 4914 Scavini's,
678 4825 718 4898 de
748 4825 961 4916 relicorum,
998 4843 1038 4898 ut
1128 4877 1172 4918 =„
1199 4825 1402 4923 Temperto
1426 4851 1507 4902 cum
1544 4823 1623 4900 filio
1650 4823 1718 4902 suo
1739 4823 1913 4900 Adalber·

278 4983 299 5021 „
326 4925 440 5002 casam
466 4925 528 5004 illa
546 4925 805 5028 deliberarent,
827 4927 864 5000 dt
891 4929 1033 5028 eonjun·
1146 4981 1173 5020 „a
1198 4941 1262 5000 to.
1299 4929 1347 5000 Et
1383 4925 1567 5026 postquam
1599 4925 1642 5000 de
1678 4926 1755 5028 ipio
1790 4919 1914 4996 audio·
1980 4963 1982 4968 ·

272 5083 300 5128 „
325 5049 460 5107 xerunt
480 5028 521 5104 fe
540 5053 668 5107 eorum
689 5025 870 5132 presencia
889 5029 925 5104 de
944 5047 1037 5106 cete·
1145 5082 1171 5123 „
1196 5054 1295 5119 rem,
1329 5025 1417 5104 licut
1441 5028 1560 5106 wadia
1585 5027 1685 5104 dedit
1710 5021 1914 5119 recideret,

376 5139 467 5210 Tem.
493 5133 544 5210 il.
1253 5133 1294 5208 C
1714 5177 1741 5217 η
1766 5121 1863 5228 illdi-
