4550 6072
306 431 385 516 551
427 499 429 502 ¹
609 393 922 486 DlSSERTAT
920 395 977 486 10
1018 387 1517 523 QUARTADECIMA:
1739 429 1817 514 552

242 513 337 592 inter
366 513 652 618 Langobardicas
687 535 830 592 cautum
866 515 935 608 est,
961 543 1006 593 ne
1046 529 1083 597 A
1118 513 1309 604 constaret,
1336 529 1455 588 utrum
1489 509 1612 603 suunt,
1641 535 1685 584 an
1721 515 1879 594 alienun

242 620 402 716 mancipia
435 616 672 712 venderentur,
707 619 771 706 erist
795 621 830 692 im
861 621 1007 718 praesem-
1118 615 1344 716 Mancipium
1370 612 1576 688 venditore
1602 610 1636 686 se
1656 612 1880 714 dimitterer,
1986 619 1989 627 ’

181 759 208 809 ·.
242 717 293 794 tia
318 721 494 818 Episcopi,
519 723 575 794 vel
600 721 759 814 Comitis,
794 741 852 798 aut
886 721 1007 796 Areli·
1117 722 1153 793 δι
1179 718 1317 818 reliqua
1336 714 1454 792 omnis
1473 713 1620 790 collufio
1643 733 1881 796 averteretur.

239 820 391 913 diremi,
417 819 465 902 (γ’
491 824 704 915 centenarii,
728 844 787 896 aut
813 823 1008 897 Vieeeomiei's
1119 818 1336 922 Hujusrnodi
1384 815 1604 892 venditionis
1652 824 1880 922 exemplum,

91 991 110 1000 ..
244 917 319 1000 &c
345 944 403 997 eut
427 943 503 998 erte
527 928 603 998 berre
620 947 695 998 rota
713 925 913 1014 testimonia.
933 929 1009 1002 Cur
1085 984 1089 992 .
1119 921 1176 998 scd
1215 925 1321 1022 longe
1360 937 1442 996 ante
1476 919 1601 994 Caroli
1626 924 1682 996 M.
1718 940 1881 1026 temporo

243 1017 283 1094 id
302 1022 458 1116 sedium,
477 1025 501 1098 sr
521 1027 601 1126 quis
621 1025 842 1120 sciscitetur,
867 1027 1007 1130 respon·
1119 1023 1232 1100 saliae
1257 1049 1396 1099 exercre
1421 1047 1515 1098 nuuc
1541 1024 1682 1126 placet.
1702 1027 1904 1126 Autogra.'

176 1165 180 1172 ·
245 1119 324 1199 sum
351 1125 501 1202 lrabeat:
531 1153 575 1202 ne
595 1129 694 1214 Servi
712 1133 853 1204 occulte
879 1131 922 1204 ab
949 1157 1009 1206 ex·
1120 1125 1226 1230 phane
1261 1125 1432 1200 Chartam
1467 1125 1507 1199 in
1547 1122 1676 1224 infigni
1693 1179 1697 1186 -
1717 1125 1882 1202 Archivo

245 1226 332 1301 teris
374 1247 603 1322 emerentur,
640 1233 675 1304 δι
711 1249 811 1307 extra
847 1235 1010 1333 Regnum
1121 1226 1328 1304 Monalierii
1353 1223 1580 1302 Ambrofiani
1607 1225 1883 1312 Mediolanenfis

246 1321 477 1404 ducerentur:
506 1332 602 1431 quod
628 1331 724 1408 nefas
743 1353 842 1410 erat.
872 1338 1009 1410 l’raete·
1120 1328 1292 1404 servatam
1312 1355 1392 1430 prae
1411 1327 1526 1404 oculis
1544 1354 1610 1428 ego
1629 1327 1757 1420 habui,
1775 1345 1882 1428 atque

246 1453 306 1504 rea
332 1431 590 1532 nequisquam
617 1439 764 1510 Servum
791 1437 864 1536 jam
899 1436 1010 1512 alicu·
1051 1453 1079 1524 Β
1120 1429 1304 1533 descripsi.
1330 1435 1419 1504 Earn
1446 1456 1518 1503 non
1552 1427 1745 1505 oscitanter
1779 1435 1883 1531 lege,

247 1529 302 1629 jus
337 1531 500 1607 criminis
535 1561 635 1610 reunr
670 1537 851 1630 vendens,
888 1538 908 1610 i
944 1536 1010 1612 sol·
1121 1551 1161 1607 ut
1186 1535 1294 1634 probe
1312 1550 1452 1624 teneas,
1473 1557 1544 1630 quo
1568 1529 1607 1604 in
1626 1533 1708 1606 loco
1727 1559 1767 1607 ea
1793 1549 1885 1606 tem.

246 1632 361 1707 venda
388 1661 452 1736 pro
478 1661 521 1710 eo
547 1638 661 1714 multi
686 1637 720 1714 se
746 1639 780 1714 se
815 1638 1010 1729 eximeret,
1124 1635 1251 1735 pestate
1286 1633 1378 1709 soret
1422 1633 1634 1709 Latinarum
1679 1633 1916 1731 Literarunt·
2027 1693 2031 1700 .

246 1735 283 1806 δι
310 1760 444 1810 novum
471 1739 671 1814 Dominum
698 1767 813 1816 merce
840 1741 928 1816 adeo
955 1741 1010 1816 ui·
1123 1735 1265 1816 sottum
1273 1792 1287 1833 ,
1305 1740 1341 1815 δι
1357 1733 1483 1838 quanti
1499 1733 1683 1838 Mancipia
1703 1734 1885 1812 venirent.

245 1833 338 1912 tiara
363 1834 526 1913 falleret.
553 1841 744 1940 Denique,
779 1859 820 1917 ut
854 1841 1010 1918 dilucide
1039 1855 1044 1918 1

306 2068 556 2186 Iohtunaces'
572 2071 780 2165 mundium
811 2074 890 2162 five
920 2067 1147 2163 dominium
1162 2057 1437 2174 'Sclrolallicae
1465 2071 1634 2181 Serme,
1663 2069 1830 2191 pecuali

524 2191 710 2310 accepti,
740 2193 920 2282 transfert
949 2193 992 2282 in
1024 2189 1281 2304 Sigheradanr
1312 2193 1352 2277 δι
1381 2186 1609 2278 Arichisunr

809 2339 1042 2428 germanos,
1081 2316 1206 2396 Anno
1235 2337 1262 2420 7
1269 2319 1336 2420 36.

248 2549 336 2734 IN
356 2543 476 2642 Cbtisit'
509 2552 653 2630 tramitte.
688 2565 857 2656 Regneute
892 2567 1016 2634 Damno
1055 2563 1088 2636 G
1125 2573 1245 2654 ’ΜΡΝ
1279 2549 1423 2624 Mfflii'
1461 2549 1498 2626 ’.ἦ
1525 2550 1590 2645 [¹¹⁴
1627 2573 1755 2628 mm
1779 2554 1905 2654 firmigj:

241 2744 244 2750 1
322 2654 421 2744 uestro
447 2655 633 2755 Liutprarrd
659 2661 734 2732 l'iro
768 2663 1016 2757 erreellerrtiffimo
1126 2678 1233 2731 tate..
1413 2697 1418 2707 ·

251 2763 365 2854 Rege,
399 2765 502 2832 Aroe
527 2762 638 2857 Regni
662 2761 732 2856 ejus
756 2762 888 2859 picturis
923 2765 1015 2860 Vigi-
1177 2753 1286 2830 Falsa
1310 2756 1445 2828 Carula
1469 2753 1504 2824 im
1525 2753 1629 2846 fundo
1663 2759 1890 2856 campiliaco,

243 2854 345 2940 snmus
369 2865 517 2959 ¹Quarto,
544 2864 712 2934 Kalendae
738 2865 932 2954 Februariae,
959 2869 1013 2938 Irr-
1125 2859 1180 2932 dit
1205 2855 1253 2939 (θ’
1279 2857 1380 2948 meust
1406 2852 1454 2934 θ’
1478 2853 1657 2928 indidit'm
1675 2858 1894 2958 suposrriptae

249 2953 391 3024 didliorre
425 2965 577 3050 Quarta,
607 2959 770 3046 feliciter.
805 2963 925 3054 Scripsi
962 2991 1016 3056 ego
1123 2959 1280 3046 feliciter.
1815 2974 1820 2984 '

250 3059 400 3148 Lazarus
425 3059 566 3126 Clericus
590 3056 730 3142 Befilite
755 3058 873 3132 Sancti
888 3065 920 3150 J
921 3061 1015 3132 ohan·
1109 3109 1112 3114 ,
1173 3056 1318 3148 ,Signum
1342 3081 1455 3128 merrus
1479 3058 1686 3149 submersi,
1722 3063 1779 3157 qui
1812 3065 1893 3137 banc

252 3155 306 3228 nis
330 3156 440 3247 Piesce
463 3156 544 3228 bene
569 3159 688 3231 cartole
710 3161 750 3230 de
768 3147 888 3256 resepto
914 3165 1015 3230 Murr-
1129 3153 1262 3226 Cartala
1287 3155 1327 3222 de
1351 3175 1472 3247 eccepto
1498 3159 1641 3228 Mundio
1657 3159 1738 3248 fieri
1763 3164 1894 3258 rogavit
1959 3159 1963 3170 ’

251 3257 333 3347 dio,
360 3277 489 3354 rogatus
515 3255 562 3336 (Γ
596 3259 724 3353 peditus
759 3263 805 3332 ad
830 3261 1018 3352 subornare
1130 3251 1179 3332 (9¹
1203 3253 1234 3356 ti
1259 3253 1374 3326 '2105‘
1399 3253 1461 3337 est·

252 3385 284 3431 a.
310 3360 345 3431 d.
365 3355 458 3450 filios
483 3361 641 3454 mondum
666 3362 860 3452 Laurentio,
888 3387 1015 3436 comma·
1182 3354 1321 3452 Signum
1354 3379 1467 3426 martur
1499 3356 1646 3428 Petronis
1677 3359 1718 3430 de
1752 3360 1895 3436 Brisaei

253 3479 345 3531 trente
370 3460 406 3530 irs
433 3459 507 3532 Vico
530 3462 674 3534 carelo.
700 3468 797 3534 Certa
814 3461 863 3547 stt
886 3463 1088 3560 accepis->D
1130 3483 1163 3530 a.
1188 3458 1224 3528 d.
1238 3507 1269 3529 ..
1285 3507 1316 3528 ..

247 3558 341 3652 sese
366 3560 458 3632 bodie
484 3561 519 3632 ire
542 3561 701 3657 presentia
735 3589 836 3636 eornm
850 3615 960 3638 .....
971 3561 1019 3644 (φ
1051 3573 1056 3581 “
1183 3556 1322 3654 Signum
1345 3581 1459 3630 marus
1475 3558 1638 3634 Dtminiei
1660 3561 1701 3632 de
1725 3564 1844 3636 Cadelo
1860 3593 1893 3641 e.

253 3681 373 3757 strepet
398 3663 444 3734 ad
467 3683 499 3734 te
524 3663 720 3759 Sigderede,
739 3661 852 3745 &ed
867 3665 1017 3760 Arethus-
1132 3659 1167 3734 d.
1194 3659 1300 3746 tellit.

248 3761 286 3854 su
308 3763 469 3857 gemueris
493 3765 610 3859 accepit
635 3767 709 3837 auri
741 3765 869 3838 Solidos
894 3793 1018 3838 numere
1185 3763 1258 3856 Ego
1283 3767 1432 3856 Lazarus
1449 3763 1589 3836 Clericus
1607 3767 1744 3862 mgedus
1767 3768 1813 3838 ad
1827 3773 1895 3860 Jon'

240 3863 333 3934 ‘duos
367 3859 415 3942 &⁹
449 3889 512 3934 uro
540 3861 696 3958 semisse,
734 3867 881 3957 sericium
917 3869 1019 3964 pretio
1135 3863 1275 3934 lernaea
1293 3863 1406 3959 scripsi
1430 3861 1478 3944 ψ’
1497 3865 1685 3963 subscripfi‚
1707 3868 1895 3965 polsradidu

176 4032 183 4042 ,
255 3963 420 4035 Murredius
441 3985 499 4061 pro
516 3965 705 4066 Mancipio
730 3967 878 4042 nomine
902 3970 1018 4042 Scola-
1134 3963 1287 4056 complevi
1312 3961 1360 4046 (γ’
1384 3965 1478 4041 dedi.
1775 4032 1777 4038 ,

254 4062 337 4138 stica
354 4062 489 4156 filias
488 4118 647 4141 .......
665 4069 701 4140 ἃ
729 4067 804 4168 ipso
830 4067 1018 4170 Mancipio
1187 4067 1301 4140 Notas
1320 4064 1602 4166 Chronologicas
1620 4067 1826 4146 insalutatos
1848 4099 1894 4148 ne

257 4161 360 4240 urfio
386 4163 449 4240 fibi
476 4167 658 4268 Conjoge.
698 4175 747 4242 Et
772 4171 949 4267 repromitto
974 4197 1021 4242 me
1134 4163 1305 4260 dimitte,
1332 4184 1372 4242 ut
1398 4166 1634 4266 Hildeprandi
1661 4197 1770 4245 annos
1797 4191 1895 4247 certo

256 4267 343 4358 tibi,
368 4267 425 4365 qui
444 4268 544 4366 [upra
570 4269 777 4362 Jobamreci,
805 4271 875 4368 ipsa
904 4243 1048 4368 supra-¹
1134 4265 1272 4357 discas,
1300 4267 1399 4342 illius
1426 4295 1576 4368 nempe,
1604 4295 1707 4368 quern
1744 4271 1782 4346 in
1810 4299 1895 4350 con·

252 4368 374 4464 scripta
398 4371 566 4457 scolastica
579 4421 692 4446 .....
719 4375 761 4445 ab
791 4373 877 4445 omri
900 4374 1022 4446 bomine
1057 4401 1086 4470 E
1135 4366 1283 4443 sortiunt
1314 4370 1428 4468 Regni
1454 4369 1695 4472 Liutprnndns
1723 4371 1891 4474 suscepit.

255 4467 442 4560 defensare,
470 4468 517 4549 &
541 4473 582 4542 de
612 4472 763 4568 puplico,
791 4473 839 4555 &¹
872 4477 913 4546 de
936 4476 1022 4547 muri
1133 4474 1216 4564 llqc
1242 4468 1374 4545 facium
1404 4476 1448 4544 Pa
1478 4471 1531 4546 ius
1556 4473 1594 4547 in
1621 4474 1760 4550 Critica
1787 4479 1895 4550 Baro·

256 4571 398 4650 bomine.
425 4570 526 4658 Etst
549 4573 680 4646 minime
714 4575 873 4666 defensare
903 4587 1019 4674 pudue-
1133 4571 1238 4646 niara
1273 4572 1396 4648 cultor
1428 4497 1478 4648 ed
1509 4577 1619 4649 Anno
1654 4576 1740 4650 Chr.
1776 4581 1896 4654 DCC·

258 4671 358 4744 rimus
383 4693 441 4746 aut
466 4701 546 4773 ego,
572 4696 630 4748 aut
655 4675 733 4748 meis
767 4677 930 4750 heredibus
963 4679 1021 4777 qui
1134 4678 1302 4748 XXXVI.
1322 4693 1509 4794 praeeunte
1527 4675 1590 4750 fibi
1612 4676 1766 4770 Charti,
1785 4703 1892 4778 quarn

249 4775 373 4871 supra,
401 4773 471 4870 ipsa
489 4775 705 4874 suprascripte
728 4779 920 4866 Seelalliea:
945 4801 1019 4853 turre
1132 4775 1374 4851 Florentinrus
1401 4777 1438 4850 in
1464 4776 1552 4850 Vita
1578 4777 1786 4852 Comitillae
1811 4783 1893 4852 Ma·

103 4923 107 4932 ·
257 4875 349 4968 viso,
375 4897 515 4974 tompore
540 4903 594 4972 ego
610 4879 816 4970 Jobanrraei,
851 4903 910 4953 eut
943 4882 1019 4954 meir
1132 4877 1257 4960 thildis
1283 4875 1483 4952 indicavit.
1509 4881 1558 4950 Et
1595 4875 1688 4951 teile
1723 4877 1891 4975 quidem.

258 4977 422 5050 heredibus
444 5001 502 5074 prr
527 4977 705 5051 Mundium
738 4983 793 5055 vel
827 4983 1017 5080 Mareipir,
1132 4977 1226 5051 Heic
1252 4975 1357 5050 habes
1393 4982 1539 5052 alteram
1574 4977 1745 5052 Chartam
1780 4982 1891 5052 Anno

258 5099 316 5152 eut
350 5078 573 5169 ellimatierrem
607 5078 700 5181 ejus;
736 5082 785 5164 ῤ’
827 5087 945 5158 tettela
977 5087 1018 5158 de

1131 5081 1403 5157 Dccxxxvu
1421 5077 1583 5153 Kalendis
1600 5078 1787 5153 Februariis
1809 5077 1892 5177 scri!

1267 5227 1271 5238 ι
1719 5195 1839 5281 ptam,
