4536 6064
488 381 578 500 '⁷43‘
772 317 1719 502 mnrrourntrnnrrrntsr
1854 428 2009 514 .⁷44

429 489 510 570 titis
532 497 714 590 jutum.
747 506 869 592 Num,
905 531 1015 606 rogo,
1041 505 1129 582 baec
1153 503 1196 580 de
1229 518 1262 589 Α
1302 506 1412 582 aulaei
1440 507 1620 584 Ludorici
1651 511 1706 587 Pii
1722 503 1750 602 ,'
1775 537 1887 611 poena
1913 517 2072 590 Servitut·

427 597 547 674 servis
583 601 686 678 statui
731 603 904 704 potuere?
951 611 1009 682 Ae
1050 607 1197 706 proinde

428 725 517 794 nos,
555 705 734 804 poliquam
761 707 941 800 vidimus,
978 713 1142 786 Attienus
1176 715 1196 784 ὲ

427 801 498 878 vili
527 809 715 882 Servorum
752 809 961 886 conditione
998 811 1099 888 soille
1134 837 1197 886 cx-

431 903 568 998 tlusos,
609 908 862 1010 consequenter
902 913 1053 990 minime
1079 915 1124 989 ab
1149 914 1196 988 iis

430 1005 586 1084 diversos
614 1013 735 1085 biddu
761 1013 818 1092 seu
846 1017 963 1108 Lites,
990 1015 1029 1092 ἃ
1057 1017 1196 1110 Fisteli-

431 1111 850 1294 iillilssiilii
877 1119 943 1296 iq
958 1120 1195 1296 i²⁰⁰1¹s⁸il¹

431 1309 486 1387 bet
520 1316 609 1388 butro
644 1245 828 1416 mellitate
853 1247 1108 1398 idabbee'tiaml
1122 1263 1197 1396 Liri

1305 609 1353 682 tis
1390 608 1564 710 proposita
1598 631 1674 687 erat
1709 614 1853 689 mulieri
1895 615 2063 708 Liberae,

1305 711 1475 807 quemlibet
1499 719 1635 786 Servum
1661 717 1696 786 itt
1730 716 1912 814 eonjugium
1937 723 2066 812 sumert-

1306 812 1357 886 tt‘.
1382 815 1499 887 lmmo
1525 841 1569 890 ex
1595 817 1714 891 eadem
1737 843 1848 918 poena
1867 817 2065 920 plebieban-

1307 931 1367 988 tur
1392 916 1548 1014 Ingenui,
1572 917 1676 994 tutta
1700 919 1847 995 alterius
1866 921 2010 995 Aneitlt
2026 918 2065 993 in

1259 1057 1265 1068 ·
1309 1041 1481 1092 uxorem.
1519 1023 1724 1122 Utcumque
1758 1041 1877 1096 tamen
1904 1020 1964 1103 sit.
2005 1021 2066 1095 Fi-

1309 1116 1459 1192 scalinoa
1484 1121 1519 1192 ἀ
1546 1121 1682 1198 Liddoa
1708 1125 1884 1221 appellare
1918 1121 1987 1196 tibi
2022 1121 2068 1196 li·
2220 1174 2221 1190 .

1310 1239 1387 1294 ceat
1414 1225 1560 1298 Servos:
1589 1243 1684 1299 certe
1710 1225 1799 1300 mibi
1827 1251 1899 1298 non
1920 1224 2005 1298 lieet
2022 1249 2066 1297 ex

1310 1321 1381 1420 jam
1417 1321 1524 1398 distis
1560 1325 1709 1402 Aldios.
1744 1327 1851 1422 Quod
1889 1323 1911 1398 st
1947 1323 2066 1398 eadem

432 1414 467 1488 in
488 1415 660 1508 seruitium
681 1425 716 1516 se
740 1425 869 1512 subdere
908 1427 1001 1525 poffe
1036 1425 1196 1500 dicitur.
1243 1429 1269 1500 Β
1312 1427 1410 1523 Lege
1445 1424 1616 1502 vivebant
1650 1448 1723 1504 tam
1759 1429 1810 1512 ii,
1845 1428 1952 1528 qubm
1987 1419 2068 1508 ilii,

432 1517 469 1593 si
497 1521 603 1594 Lindo
629 1521 686 1600 seu
712 1529 788 1599 Lito
824 1526 963 1602 bomini
1004 1527 1103 1602 Servi
1131 1527 1196 1602 elle

432 1639 619 1736 poterant,
662 1653 745 1726 ergo
772 1628 803 1704 is
830 1629 979 1706 minime
1006 1628 1197 1704 servituris

431 1730 872 1932 lili..l'‘r“il'}‘0¹¹.'.p.¹i¹
887 1731 1199 1932 allmll‘l

433 1943 513 2002 titt:
541 1931 670 2030 siquis
693 1937 810 2008 Lidtttn
828 1937 988 2018 alienum,
1016 1936 1111 2026 inscio
1129 1941 1198 2008 Da-

433 2027 541 2112 tttt‘nt,
578 2055 635 2130 pet
667 2039 833 2110 denarium
868 2043 1043 2136 Ingenuum
1067 2037 1199 2127 dimise-

434 2131 497 2202 rit.
526 2137 659 2210 verum
688 2137 772 2213 haec
799 2138 1032 2240 intelligenda
1058 2138 1101 2214 de
1121 2163 1198 2236 per·

434 2229 526 2308 tetta
553 2237 797 2316 Libertate&
825 2240 1046 2317 absolutione
1072 2243 1092 2314 b
1118 2238 1199 2338 qui-

1310 1523 1584 1626 intelligendum
1625 1529 1697 1620 est,
1737 1555 1796 1605 eos
1826 1530 1869 1604 ‘in
1898 1527 2069 1620 Francia,

1311 1628 1407 1724 quod
1447 1627 1549 1704 Fisco
1583 1631 1618 1705 tr
1659 1631 1831 1706 Ecclesiae
1875 1629 2069 1718 servirent,-

1313 1755 1357 1801 ex
1394 1729 1586 1833 privilegio
1621 1734 1761 1834 aliquot
1805 1730 1989 1807 commoda
2029 1755 2068 1802 ac

1314 1830 1561 1910 immunitates
1596 1835 1804 1938 percepisse,
1844 1859 1933 1932 quae
1967 1829 2068 1906 Aldii

1313 1933 1528 2033 quicumque
1553 1935 1593 2010 in
1618 1937 1723 2012 ltalia
1747 1937 1821 2038 jure
1845 1935 1924 2010 suae
1948 1932 2069 2007 condi-

1314 2035 1425 2109 tionis
1452 2036 1602 2112 minitne
1629 2039 1776 2112 Servilia
1813 2035 2068 2138 percipiebant.

1314 2137 1354 2208 ln
1391 2137 1600 2236 Diplotnate
1634 2140 1829 2240 Hilprandi
1870 2137 2070 2236 Langobar-

1313 2237 1438 2312 dorum
1462 2241 1567 2341 Regis
1588 2241 1678 2342 apud
1702 2241 1893 2342 Campium
1918 2243 2024 2314 Tom.
2041 2239 2068 2310 l.

435 2334 651 2440 bustumque
689 2343 877 2432 oneribus,
922 2343 1051 2444 quibus
1088 2339 1196 2416 Liddi
1237 2337 1268 2408 C
1315 2339 1446 2414 Hillor.
1469 2339 1644 2418 Ecclesiae
1671 2343 1896 2419 Placentinae
1919 2339 2069 2441 legitur:

434 2463 508 2514 non
548 2439 644 2517 secus
686 2461 792 2544 atque
836 2444 1006 2522 Aldioncs
1047 2441 1198 2520 obnoxii

436 2559 558 2616 erant.
585 2547 711 2621 Altera
738 2551 817 2622 Lex
843 2545 1021 2647 sequitur:
1063 2547 1104 2620 Si
1128 2547 1198 2644 quit

434 2647 571 2716 Seruum
596 2647 737 2720 alienum
764 2649 835 2722 θα.
871 2655 1046 2747 lngenuttnr
1071 2648 1199 2740 dimise-

1315 2447 1348 2514 F
1349 2442 1498 2516 ineamus
1523 2445 1620 2519 etiam
1652 2447 1764 2529 wbis,
1799 2467 1836 2518 ttr
1868 2469 1972 2515 antes
2005 2465 2072 2513 mt-

1312 2543 1406 2616 lieret
1433 2547 1510 2635 illas
1543 2548 1695 2629 Liberat,
1733 2573 1813 2645 qttaee
1845 2543 1941 2641 usque
1965 2569 2048 2614 nune
2059 2589 2073 2624 ,

1312 2654 1390 2718 dum
1415 2649 1547 2720 Liberae
1570 2645 1682 2740 efferar,
1707 2647 1820 2718 servis
1839 2643 1997 2728 Ecclefiue
2013 2670 2075 2713 tte-

436 2743 504 2819 nt:
534 2747 628 2845 quod
651 2749 800 2824 minime
818 2751 1045 2850 repetendum
1065 2749 1199 2830 suerat,
1306 2749 1390 2833 strae
1418 2749 1455 2838 se
1479 2748 1512 2818 in
1538 2745 1733 2820 matrimonio
1757 2745 1980 2824 tradiderunt,
2014 2742 2076 2813 ael

437 2845 500 2920 ubi
526 2849 635 2922 etiam
664 2851 768 2922 nitet
807 2851 1027 2924 conditionis
1053 2849 1200 2924 Servilia

1307 2847 1394 2941 filiis
1413 2845 1627 2944 filiabusque,
1667 2848 1722 2944 qui
1748 2874 1785 2916 ea
1810 2845 1855 2915 eit
1880 2843 1950 2916 nati
1972 2843 2074 2936 sunt,

438 2943 607 3023 strillent.
636 2949 745 3024 Hisce
772 2949 860 3024 adde
885 2949 1072 3050 postremae
1099 2952 1201 3026 tabu·
1315 2951 1363 3024 ita
1382 2949 1463 3043 sane
1487 2969 1523 3020 ur
1540 2948 1611 3034 stur
1633 2947 1900 3046 proaldiones.
1940 2941 1988 3023 st·
2012 2947 2072 3016 ha-

437 3049 490 3122 las
516 3034 661 3124 fulradi
688 3051 842 3128 Abbatis
870 3051 989 3130 Sancti
1014 3051 1200 3150 Dionysi,

1314 3057 1410 3124 teser
1431 3073 1488 3149 per
1512 3069 1606 3148 captat
1630 3075 1712 3122 unus
1736 3049 1808 3147 quir
1832 3047 1998 3118 mundium
2015 3051 2073 3116 Su-

437 3148 705 3227 lMabillonio
741 3154 854 3230 editas
894 3175 983 3257 part.
1003 3181 1038 3232 a..
1066 3157 1199 3232 Saecul.
1314 3157 1398 3225 tutu
1417 3154 1531 3246 seru,
1556 3151 1641 3237 ficar
1664 3148 1758 3223 urbis
1783 3171 1880 3224 antea
1903 3152 1926 3219 d
1952 3153 2074 3221 Damno

438 3273 473 3350 3·
518 3254 770 3344 Benedidlini,
812 3254 852 3333 ἃ
898 3257 1043 3360 scriptas
1089 3263 1200 3334 Anno
1240 3249 1275 3318 D
1314 3253 1362 3334 sy
1388 3261 1486 3328 Patre
1512 3257 1610 3340 nolito
1635 3247 1765 3346 cancella
1783 3252 1883 3345 sunt.
1920 3255 1960 3322 ln
1996 3253 2069 3323 Ser-

437 3351 567 3430 Christi
585 3359 967 3436 Dccnxxvnt.1bi
987 3360 1119 3464 legitur
1133 3389 1201 3434 eum

434 3456 635 3554 palloribus,
660 3461 793 3546 seruis,
817 3463 966 3537 Ancillis
978 3515 990 3548 ‚
1017 3466 1107 3538 Liris
1125 3462 1198 3544 &a

439 3559 579 3650 Viden,
620 3579 661 3636 ot
695 3564 769 3636 Lt'ri
793 3566 813 3638 a
839 3567 952 3639 Servis
987 3567 1194 3666 distinguan-

438 3659 519 3736 tur?
563 3663 652 3768 Littt
689 3691 734 3739 eo
760 3666 799 3740 in
826 3669 906 3742 loco
933 3667 1027 3742 idem
1055 3666 1200 3746 Clariis.

439 3763 510 3838 Vir
528 3761 782 3866 interpretatur
799 3771 942 3851 Leudes,
961 3773 1121 3846 Clientes.
1149 3775 1202 3844 At

441 3868 563 3964 procul
590 3867 699 3944 dubio
726 3871 800 3944 Liri
823 3870 888 3946 alii
925 3873 1027 3968 plane
1062 3872 1203 3948 fuerunt

441 3967 460 4040 d
488 3969 670 4060 leudibus,
711 3971 777 4046 hoc
819 3971 866 4048 est
890 3974 910 4048 b
938 3973 1108 4048 Ft'delt'btts
1134 3973 1203 4048 slve

443 4065 614 4162 Vaffltllir,
656 4071 798 4148 Liberis
824 4101 950 4176 nempe
976 4076 1204 4168 hominibus,

442 4168 484 4243 de
510 4172 638 4270 quibus
666 4171 764 4274 supra
790 4175 848 4278 egi
874 4177 913 4252 in
942 4179 1121 4254 Dissertat.
1143 4183 1204 4254 xl.
1240 4153 1271 4223 E

442 4273 482 4344 de
506 4275 681 4350 Anatis.
709 4282 803 4352 Nam
830 4281 925 4376 qnod
951 4280 997 4356 est
1023 4282 1064 4356 ad
1093 4282 1206 4375 Fiscu-

443 4374 547 4463 tinus,
585 4374 667 4450 satis
704 4379 794 4454 mibi
822 4382 867 4456 cll
894 4384 1101 4476 Capitularc
1135 4388 1204 4460 Ca·

443 4475 512 4549 roli
541 4478 666 4576 Magni
694 4482 804 4555 Anno
839 4489 1020 4560 DCCCV.
1048 4488 1208 4586 promul·

444 4593 590 4680 gatum,
629 4576 767 4678 inquo
808 4582 989 4681 proditur,
1028 4587 1080 4662 saa
1107 4587 1207 4661 tuiffe

444 4697 522 4756 tum
550 4681 638 4758 vitis
666 4684 819 4781 lngeuttis
843 4684 968 4759 ducere
1004 4690 1206 4782 fiscalinas,

446 4807 523 4864 turn
559 4789 689 4880 feminis
722 4790 833 4886 libetis
857 4790 995 4862 homines
1031 4789 1207 4885 fiscalinos

447 4887 510 4966 fibi
537 4889 669 4968 sociare
695 4894 885 4995 conjugio.
910 4893 1052 4992 Atqui,
1087 4915 1127 4968 nt
1153 4892 1207 4968 su·

444 5020 507 5096 pra
531 4993 680 5086 monui,
720 4995 829 5072 etiam
865 4996 958 5100 apud
983 5001 1137 5072 Francos
1160 5023 1205 5072 ex

1317 3355 1469 3430 vitutem
1497 3356 1654 3456 reliquae
1680 3352 1846 3428 mulieres
1872 3352 1923 3426 ita
1942 3349 2070 3424 nnben·

1316 3481 1389 3546 tes,
1416 3483 1607 3554 eorumque
1634 3454 1704 3530 lilii
1730 3453 1915 3528 seeundum
1941 3455 2071 3572 Legem

1315 3559 1509 3632 cadebant.
1549 3557 1614 3632 Sed
1650 3583 1711 3657 per
1744 3553 1811 3628 boe
1839 3553 2070 3655 Privilegtum

1291 3735 1292 3740 ,
1316 3659 1570 3736 concedebatur
1584 3659 1657 3749 eis,
1681 3675 1723 3732 ut
1739 3649 1979 3732 conditionem
1995 3675 2072 3729 tar»

1317 3763 1504 3840 tummodo
1528 3761 1708 3836 Arcturum
1741 3759 1777 3833 dt
1813 3761 1995 3834 usldianant
2020 3757 2074 3831 so-

1318 3869 1458 3944 birent.

1299 4011 1302 4018 ·
1371 3973 1495 4063 ltaque
1512 3965 1604 4042 illud
1622 3964 1755 4052 llatno,
1777 3966 1900 4038 Attius
1919 3989 1978 4064 per
1996 3963 2078 4035 Ma·

1320 4069 1567 4151 numiffionern
1593 4097 1637 4146 ex
1666 4065 1793 4141 vilium
1815 4071 2000 4142 Servorum
2022 4089 2080 4136 ca·

1321 4177 1442 4274 talogo
1468 4171 1661 4274 expansior
1687 4168 1808 4254 luisse,
1846 4167 1901 4242 sed
1929 4193 1968 4241 ea
1995 4191 2079 4240 con

1321 4277 1483 4367 ditione,
1516 4295 1557 4350 ut
1592 4273 1746 4370 aliquem
1785 4265 2081 4344 Manumittentia

1322 4405 1443 4480 agrum
1470 4381 1652 4464 colerent,
1680 4392 1740 4447 aut
1766 4372 1798 4445 ei
1826 4371 1966 4445 censum
1991 4395 2078 4468 quo·

1323 4483 1440 4556 tannis
1467 4478 1729 4580 persolverent,
1757 4493 1817 4546 aut
1842 4499 1964 4571 operar
1990 4471 2080 4544 lacc-

1323 4601 1421 4660 rent.
1450 4588 1508 4657 Ac
1533 4578 1679 4680 proinde
1703 4577 1932 4652 Libertorum
1954 4573 2081 4666 species

1324 4686 1440 4776 suere,
1476 4707 1689 4782 quamquam
1725 4679 1910 4755 Libertate
1946 4679 2080 4777 integra

1325 4790 1474 4864 minime
1508 4785 1732 4870 fruerentur,
1766 4783 1800 4855 dr
1838 4779 1900 4854 sub
1935 4780 2009 4880 jure
2041 4803 2082 4851 ac

1325 4895 1495 4995 poteliate
1528 4886 1678 4964 Domini
1717 4883 1788 4959 save
1825 4881 1970 4957 Patroni
2011 4891 2082 4954 non

1325 5023 1398 5072 uno
1432 4995 1579 5070 vinculo
1617 4989 1739 5066 vivere
1780 5003 1989 5088 pergerent.
2030 4985 2084 5056 Ut

443 5096 525 5176 Tit.
549 5124 608 5196 14
634 5098 745 5201 Legit
770 5102 935 5194 salicae,
959 5095 1001 5178 ἃ
1025 5126 1069 5176 ex
1095 5099 1208 5202 Capi·
1289 5105 1434 5207 lplena
1468 5097 1515 5176 iia
1564 5097 1647 5176 cllet
1682 5091 1879 5188 Libertas,
1914 5087 1997 5163 baec
2031 5085 2088 5160 eia

1953 5209 2042 5264 COR·
