<?xml version="1.0" encoding="UTF-8"?>
<!DOCTYPE html PUBLIC "-//W3C//DTD XHTML 1.0 Transitional//EN"
    "http://www.w3.org/TR/xhtml1/DTD/xhtml1-transitional.dtd">
<html xmlns="http://www.w3.org/1999/xhtml" xml:lang="en" lang="en">
 <head>
  <title>
</title>
<meta http-equiv="Content-Type" content="text/html;charset=utf-8" />
  <meta name='ocr-system' content='tesseract 3.04.00' />
  <meta name='ocr-capabilities' content='ocr_page ocr_carea ocr_par ocr_line ocrx_word'/>
</head>
<body>
  <div class='ocr_page' id='page_1' title='image "./antiquitatesita03muragoog_0189.png"; bbox 0 0 4592 6072; ppageno 0'>
   <div class='ocr_carea' id='block_1_1' title="bbox 444 405 1961 544">
    <p class='ocr_par' dir='ltr' id='par_1_1' title="bbox 444 405 1961 544">
     <span class='ocr_line' id='line_1_1' title="bbox 444 405 1961 544; baseline 0.012 -41"><span class='ocrx_word' id='word_1_1' title='bbox 444 424 501 527; x_wconf 79' lang='lat'>36</span> <span class='ocrx_word' id='word_1_2' title='bbox 739 405 1129 534; x_wconf 71' lang='lat' dir='ltr'>nurrovcr.</span> <span class='ocrx_word' id='word_1_3' title='bbox 1194 407 1664 510; x_wconf 70' lang='lat' dir='ltr'>nuntiarat</span> <span class='ocrx_word' id='word_1_4' title='bbox 1818 427 1961 544; x_wconf 57' lang='lat' dir='ltr'>‚ger</span> 
     </span>
    </p>
   </div>
   <div class='ocr_carea' id='block_1_2' title="bbox 376 531 2017 1447">
    <p class='ocr_par' dir='ltr' id='par_1_2' title="bbox 376 531 2017 1447">
     <span class='ocr_line' id='line_1_2' title="bbox 376 531 2013 636; baseline 0.009 -30"><span class='ocrx_word' id='word_1_5' title='bbox 376 549 404 624; x_wconf 85' lang='lat'>·„</span> <span class='ocrx_word' id='word_1_6' title='bbox 430 557 477 632; x_wconf 85' lang='lat' dir='ltr'>po</span> <span class='ocrx_word' id='word_1_7' title='bbox 545 541 732 612; x_wconf 73' lang='lat' dir='ltr'>meantum</span> <span class='ocrx_word' id='word_1_8' title='bbox 748 533 1000 636; x_wconf 83' lang='lat' dir='ltr'>negotiinobis</span> <span class='ocrx_word' id='word_1_9' title='bbox 1016 532 1139 608; x_wconf 85' lang='lat' dir='ltr'>uendi.</span> <span class='ocrx_word' id='word_1_10' title='bbox 1179 531 1216 606; x_wconf 81' lang='lat' dir='ltr'>A</span> <span class='ocrx_word' id='word_1_11' title='bbox 1255 535 1363 610; x_wconf 78' lang='lat' dir='ltr'>nula:</span> <span class='ocrx_word' id='word_1_12' title='bbox 1393 537 1606 614; x_wconf 84' lang='lat' dir='ltr'>Halirnnriae</span> <span class='ocrx_word' id='word_1_13' title='bbox 1640 563 1721 616; x_wconf 89' lang='lat' dir='ltr'>eum</span> <span class='ocrx_word' id='word_1_14' title='bbox 1755 538 1898 620; x_wconf 84' lang='lat' dir='ltr'>fimbria</span> <span class='ocrx_word' id='word_1_15' title='bbox 1933 543 2013 620; x_wconf 87' lang='lat' dir='ltr'>suae</span> 
     </span>
     <span class='ocr_line' id='line_1_3' title="bbox 377 631 2017 738; baseline 0.008 -32"><span class='ocrx_word' id='word_1_16' title='bbox 377 685 405 726; x_wconf 85' lang='lat'>,‚</span> <span class='ocrx_word' id='word_1_17' title='bbox 431 631 523 708; x_wconf 87' lang='lat' dir='ltr'>tatio</span> <span class='ocrx_word' id='word_1_18' title='bbox 539 631 731 709; x_wconf 86' lang='lat' dir='ltr'>iaceffiuit.</span> <span class='ocrx_word' id='word_1_19' title='bbox 750 633 949 738; x_wconf 71' lang='lat' dir='ltr'>Dicendum</span> <span class='ocrx_word' id='word_1_20' title='bbox 965 653 1040 709; x_wconf 89' lang='lat' dir='ltr'>erat</span> <span class='ocrx_word' id='word_1_21' title='bbox 1059 633 1138 710; x_wconf 87' lang='lat' dir='ltr'>heic</span> <span class='ocrx_word' id='word_1_22' title='bbox 1255 637 1528 738; x_wconf 67' lang='lat' dir='ltr'>guarnacchiae.</span> <span class='ocrx_word' id='word_1_23' title='bbox 1554 646 1642 715; x_wconf 83' lang='lat' dir='ltr'>Inter</span> <span class='ocrx_word' id='word_1_24' title='bbox 1666 643 1922 738; x_wconf 84' lang='lat' dir='ltr'>MiniJlerinles,</span> <span class='ocrx_word' id='word_1_25' title='bbox 1947 651 2017 719; x_wconf 86' lang='lat' dir='ltr'>Ca·</span> 
     </span>
     <span class='ocr_line' id='line_1_4' title="bbox 377 731 1136 834; baseline 0 -24"><span class='ocrx_word' id='word_1_26' title='bbox 377 731 404 828; x_wconf 84' lang='lat'>‚‘,</span> <span class='ocrx_word' id='word_1_27' title='bbox 430 731 538 810; x_wconf 82' lang='lat' dir='ltr'>etiam</span> <span class='ocrx_word' id='word_1_28' title='bbox 576 734 777 834; x_wconf 77' lang='lat' dir='ltr'>oppidatim</span> <span class='ocrx_word' id='word_1_29' title='bbox 812 737 855 812; x_wconf 84' lang='lat' dir='ltr'>de</span> <span class='ocrx_word' id='word_1_30' title='bbox 890 733 1042 812; x_wconf 71' lang='lat' dir='ltr'>tendis:</span> <span class='ocrx_word' id='word_1_31' title='bbox 1080 733 1136 812; x_wconf 89' lang='lat' dir='ltr'>sed</span> 
     </span>
     <span class='ocr_line' id='line_1_5' title="bbox 378 833 2015 944; baseline 0.005 -32"><span class='ocrx_word' id='word_1_32' title='bbox 378 886 405 929; x_wconf 91' lang='lat'>„</span> <span class='ocrx_word' id='word_1_33' title='bbox 431 833 574 936; x_wconf 87' lang='lat' dir='ltr'>operosa</span> <span class='ocrx_word' id='word_1_34' title='bbox 600 836 738 911; x_wconf 75' lang='lat' dir='ltr'>funiiio</span> <span class='ocrx_word' id='word_1_35' title='bbox 761 837 1044 930; x_wconf 83' lang='lat' dir='ltr'>Juroconsultum</span> <span class='ocrx_word' id='word_1_36' title='bbox 1062 836 1140 912; x_wconf 79' lang='lat' dir='ltr'>exi·</span> <span class='ocrx_word' id='word_1_37' title='bbox 1254 845 1449 935; x_wconf 84' lang='lat' dir='ltr'>Pincernar,</span> <span class='ocrx_word' id='word_1_38' title='bbox 1473 845 1605 918; x_wconf 78' lang='lat' dir='ltr'><em>Nobiles</em></span> <span class='ocrx_word' id='word_1_39' title='bbox 1619 847 1658 916; x_wconf 82' lang='lat' dir='ltr'>dr</span> <span class='ocrx_word' id='word_1_40' title='bbox 1676 844 1911 944; x_wconf 74' lang='lat' dir='ltr'>spilimlrrgo:</span> <span class='ocrx_word' id='word_1_41' title='bbox 1930 853 2015 920; x_wconf 83' lang='lat' dir='ltr'>Con·</span> 
     </span>
     <span class='ocr_line' id='line_1_6' title="bbox 376 937 2015 1042; baseline 0.003 -32"><span class='ocrx_word' id='word_1_42' title='bbox 376 990 404 1032; x_wconf 83' lang='lat'>,‚</span> <span class='ocrx_word' id='word_1_43' title='bbox 431 939 507 1042; x_wconf 81' lang='lat' dir='ltr'>git,</span> <span class='ocrx_word' id='word_1_44' title='bbox 542 957 603 1012; x_wconf 88' lang='lat' dir='ltr'>aut</span> <span class='ocrx_word' id='word_1_45' title='bbox 631 937 853 1040; x_wconf 84' lang='lat' dir='ltr'>profeiiorcrn</span> <span class='ocrx_word' id='word_1_46' title='bbox 879 939 1032 1016; x_wconf 82' lang='lat' dir='ltr'>terfioris</span> <span class='ocrx_word' id='word_1_47' title='bbox 1059 939 1140 1014; x_wconf 86' lang='lat' dir='ltr'>lite·</span> <span class='ocrx_word' id='word_1_48' title='bbox 1250 942 1438 1036; x_wconf 66' lang='lat' dir='ltr'>susurroni,</span> <span class='ocrx_word' id='word_1_49' title='bbox 1473 945 1606 1020; x_wconf 82' lang='lat' dir='ltr'><em>Nobiles</em></span> <span class='ocrx_word' id='word_1_50' title='bbox 1629 950 1670 1018; x_wconf 84' lang='lat' dir='ltr'>dr</span> <span class='ocrx_word' id='word_1_51' title='bbox 1704 947 1869 1020; x_wconf 84' lang='lat' dir='ltr'>Tricano:</span> <span class='ocrx_word' id='word_1_52' title='bbox 1893 947 2015 1038; x_wconf 68' lang='lat' dir='ltr'>Archi.</span> 
     </span>
     <span class='ocr_line' id='line_1_7' title="bbox 377 1041 2017 1145; baseline 0.007 -34"><span class='ocrx_word' id='word_1_53' title='bbox 377 1091 404 1134; x_wconf 89' lang='lat'>,‚</span> <span class='ocrx_word' id='word_1_54' title='bbox 431 1057 595 1126; x_wconf 81' lang='lat' dir='ltr'>saturae,</span> <span class='ocrx_word' id='word_1_55' title='bbox 633 1065 742 1142; x_wconf 82' lang='lat' dir='ltr'>quum</span> <span class='ocrx_word' id='word_1_56' title='bbox 769 1042 816 1115; x_wconf 91' lang='lat' dir='ltr'>ob</span> <span class='ocrx_word' id='word_1_57' title='bbox 843 1047 981 1144; x_wconf 83' lang='lat' dir='ltr'>Legum</span> <span class='ocrx_word' id='word_1_58' title='bbox 1007 1041 1139 1128; x_wconf 77' lang='lat' dir='ltr'>studia,</span> <span class='ocrx_word' id='word_1_59' title='bbox 1255 1045 1401 1138; x_wconf 79' lang='lat' dir='ltr'>triclini,</span> <span class='ocrx_word' id='word_1_60' title='bbox 1429 1053 1569 1119; x_wconf 78' lang='lat' dir='ltr'>Procerus</span> <span class='ocrx_word' id='word_1_61' title='bbox 1592 1049 1633 1119; x_wconf 77' lang='lat' dir='ltr'>ae</span> <span class='ocrx_word' id='word_1_62' title='bbox 1657 1054 1875 1145; x_wconf 81' lang='lat' dir='ltr'>Prumprrgu.</span> <span class='ocrx_word' id='word_1_63' title='bbox 1902 1049 2017 1122; x_wconf 76' lang='lat' dir='ltr'>Maxi·</span> 
     </span>
     <span class='ocr_line' id='line_1_8' title="bbox 377 1140 2017 1247; baseline 0.005 -33"><span class='ocrx_word' id='word_1_64' title='bbox 377 1191 405 1237; x_wconf 88' lang='lat'>„</span> <span class='ocrx_word' id='word_1_65' title='bbox 431 1141 466 1214; x_wconf 72' lang='grc' dir='ltr'>ἃ</span> <span class='ocrx_word' id='word_1_66' title='bbox 493 1140 646 1217; x_wconf 76' lang='lat' dir='ltr'>Latinae</span> <span class='ocrx_word' id='word_1_67' title='bbox 665 1143 827 1246; x_wconf 82' lang='lat' dir='ltr'>Linguae</span> <span class='ocrx_word' id='word_1_68' title='bbox 847 1143 1011 1245; x_wconf 76' lang='lat' dir='ltr'>peritiam</span> <span class='ocrx_word' id='word_1_69' title='bbox 1032 1143 1140 1216; x_wconf 86' lang='lat' dir='ltr'>mini·</span> <span class='ocrx_word' id='word_1_70' title='bbox 1254 1171 1301 1216; x_wconf 83' lang='lat' dir='ltr'>nne</span> <span class='ocrx_word' id='word_1_71' title='bbox 1333 1145 1508 1244; x_wconf 75' lang='lat' dir='ltr'>spolianda</span> <span class='ocrx_word' id='word_1_72' title='bbox 1542 1169 1611 1221; x_wconf 84' lang='lat' dir='ltr'>eras</span> <span class='ocrx_word' id='word_1_73' title='bbox 1643 1152 1874 1247; x_wconf 76' lang='lat' dir='ltr'>praerogativa</span> <span class='ocrx_word' id='word_1_74' title='bbox 1913 1149 2017 1222; x_wconf 82' lang='lat' dir='ltr'>Nubi-</span> 
     </span>
     <span class='ocr_line' id='line_1_9' title="bbox 377 1242 2016 1346; baseline 0.004 -30"><span class='ocrx_word' id='word_1_75' title='bbox 377 1295 405 1336; x_wconf 92' lang='lat'>„</span> <span class='ocrx_word' id='word_1_76' title='bbox 431 1264 530 1318; x_wconf 86' lang='lat' dir='ltr'>mum</span> <span class='ocrx_word' id='word_1_77' title='bbox 565 1269 609 1318; x_wconf 88' lang='lat' dir='ltr'>ex</span> <span class='ocrx_word' id='word_1_78' title='bbox 644 1247 695 1321; x_wconf 83' lang='lat' dir='ltr'>eis</span> <span class='ocrx_word' id='word_1_79' title='bbox 730 1243 923 1320; x_wconf 87' lang='lat' dir='ltr'>conflatum</span> <span class='ocrx_word' id='word_1_80' title='bbox 958 1242 1000 1319; x_wconf 84' lang='lat' dir='ltr'>stt</span> <span class='ocrx_word' id='word_1_81' title='bbox 1025 1244 1069 1318; x_wconf 87' lang='lat' dir='ltr'>ad</span> <span class='ocrx_word' id='word_1_82' title='bbox 1096 1243 1141 1318; x_wconf 81' lang='lat' dir='ltr'>ii-</span> <span class='ocrx_word' id='word_1_83' title='bbox 1253 1247 1334 1318; x_wconf 87' lang='lat' dir='ltr'>liuns</span> <span class='ocrx_word' id='word_1_84' title='bbox 1371 1249 1411 1319; x_wconf 86' lang='lat' dir='ltr'>de</span> <span class='ocrx_word' id='word_1_85' title='bbox 1451 1255 1633 1346; x_wconf 85' lang='lat' dir='ltr'>Ragonra.</span> <span class='ocrx_word' id='word_1_86' title='bbox 1673 1255 1714 1324; x_wconf 87' lang='lat' dir='ltr'>In</span> <span class='ocrx_word' id='word_1_87' title='bbox 1752 1257 1876 1324; x_wconf 86' lang='lat' dir='ltr'>Cbarra</span> <span class='ocrx_word' id='word_1_88' title='bbox 1913 1251 2016 1323; x_wconf 69' lang='lat' dir='ltr'>Anni</span> 
     </span>
     <span class='ocr_line' id='line_1_10' title="bbox 378 1343 2016 1447; baseline 0.004 -29"><span class='ocrx_word' id='word_1_89' title='bbox 378 1397 406 1438; x_wconf 89' lang='lat'>„</span> <span class='ocrx_word' id='word_1_90' title='bbox 432 1343 642 1420; x_wconf 85' lang='lat' dir='ltr'>lustrandam</span> <span class='ocrx_word' id='word_1_91' title='bbox 682 1347 864 1440; x_wconf 77' lang='lat' dir='ltr'>Patriam,</span> <span class='ocrx_word' id='word_1_92' title='bbox 900 1343 1074 1447; x_wconf 83' lang='lat' dir='ltr'>quidquid</span> <span class='ocrx_word' id='word_1_93' title='bbox 1101 1344 1140 1420; x_wconf 86' lang='lat' dir='ltr'>in</span> <span class='ocrx_word' id='word_1_94' title='bbox 1254 1351 1490 1424; x_wconf 76' lang='lat' dir='ltr'>mccncrtt.</span> <span class='ocrx_word' id='word_1_95' title='bbox 1528 1349 1650 1446; x_wconf 44' lang='lat' dir='ltr'>&#39;Major</span> <span class='ocrx_word' id='word_1_96' title='bbox 1687 1373 1766 1424; x_wconf 81' lang='lat' dir='ltr'>nuru</span> <span class='ocrx_word' id='word_1_97' title='bbox 1811 1351 1936 1422; x_wconf 84' lang='lat' dir='ltr'>illorum</span> <span class='ocrx_word' id='word_1_98' title='bbox 1975 1354 2016 1424; x_wconf 81' lang='lat' dir='ltr'>ln</span> 
     </span>
    </p>
   </div>
   <div class='ocr_carea' id='block_1_3' title="bbox 1254 741 2132 844">
    <p class='ocr_par' dir='ltr' id='par_1_3' title="bbox 1254 741 2132 844">
     <span class='ocr_line' id='line_1_11' title="bbox 1254 741 2132 844; baseline 0.01 -32"><span class='ocrx_word' id='word_1_99' title='bbox 1254 741 1384 813; x_wconf 84' lang='lat' dir='ltr'>rnrrarii</span> <span class='ocrx_word' id='word_1_100' title='bbox 1419 763 1536 834; x_wconf 86' lang='lat' dir='ltr'>erant,</span> <span class='ocrx_word' id='word_1_101' title='bbox 1578 744 1710 816; x_wconf 80' lang='lat' dir='ltr'><em>Nobiles</em></span> <span class='ocrx_word' id='word_1_102' title='bbox 1747 746 1787 815; x_wconf 84' lang='lat' dir='ltr'>de</span> <span class='ocrx_word' id='word_1_103' title='bbox 1824 751 2016 844; x_wconf 73' lang='lat' dir='ltr'>Cuccagnar</span> <span class='ocrx_word' id='word_1_104' title='bbox 2126 797 2132 810; x_wconf 84' lang='lat'><strong>·</strong></span> 
     </span>
    </p>
   </div>
   <div class='ocr_carea' id='block_1_4' title="bbox 378 1437 2016 1551">
    <p class='ocr_par' dir='ltr' id='par_1_4' title="bbox 378 1437 2016 1551">
     <span class='ocr_line' id='line_1_12' title="bbox 378 1437 2016 1551; baseline 0.003 -30"><span class='ocrx_word' id='word_1_105' title='bbox 378 1499 406 1542; x_wconf 87' lang='lat'>‚,</span> <span class='ocrx_word' id='word_1_106' title='bbox 431 1443 570 1522; x_wconf 63' lang='lat' dir='ltr'>nuntiis</span> <span class='ocrx_word' id='word_1_107' title='bbox 596 1447 870 1525; x_wconf 84' lang='lat' dir='ltr'>Tabellionibus</span> <span class='ocrx_word' id='word_1_108' title='bbox 893 1449 1072 1550; x_wconf 83' lang='lat' dir='ltr'>egregium</span> <span class='ocrx_word' id='word_1_109' title='bbox 1091 1445 1141 1520; x_wconf 87' lang='lat' dir='ltr'>es·</span> <span class='ocrx_word' id='word_1_110' title='bbox 1185 1437 1409 1546; x_wconf 74' lang='lat' dir='ltr'>B-ltagonea</span> <span class='ocrx_word' id='word_1_111' title='bbox 1438 1449 1614 1544; x_wconf 72' lang='lat' dir='ltr'>juriani</span> <span class='ocrx_word' id='word_1_112' title='bbox 1638 1451 1813 1551; x_wconf 73' lang='lat' dir='ltr'>aecipiendi</span> <span class='ocrx_word' id='word_1_113' title='bbox 1845 1454 2016 1549; x_wconf 81' lang='lat' dir='ltr'>quodcum·</span> 
     </span>
    </p>
   </div>
   <div class='ocr_carea' id='block_1_5' title="bbox 376 1547 1144 2259">
    <p class='ocr_par' dir='ltr' id='par_1_5' title="bbox 376 1547 1144 2259">
     <span class='ocr_line' id='line_1_13' title="bbox 376 1547 1142 1650; baseline 0 -28"><span class='ocrx_word' id='word_1_114' title='bbox 376 1599 407 1641; x_wconf 90' lang='lat'>„</span> <span class='ocrx_word' id='word_1_115' title='bbox 434 1547 468 1623; x_wconf 86' lang='lat' dir='ltr'>se</span> <span class='ocrx_word' id='word_1_116' title='bbox 495 1547 624 1650; x_wconf 83' lang='lat' dir='ltr'>poffit.</span> <span class='ocrx_word' id='word_1_117' title='bbox 660 1553 829 1626; x_wconf 88' lang='lat' dir='ltr'>Ceterum</span> <span class='ocrx_word' id='word_1_118' title='bbox 858 1577 902 1624; x_wconf 90' lang='lat' dir='ltr'>ne</span> <span class='ocrx_word' id='word_1_119' title='bbox 929 1551 1051 1624; x_wconf 83' lang='lat' dir='ltr'>uidear</span> <span class='ocrx_word' id='word_1_120' title='bbox 1075 1547 1142 1622; x_wconf 86' lang='lat' dir='ltr'>aii·</span> 
     </span>
     <span class='ocr_line' id='line_1_14' title="bbox 377 1647 1143 1752; baseline 0 -28"><span class='ocrx_word' id='word_1_121' title='bbox 377 1703 407 1744; x_wconf 86' lang='lat'>‚‚</span> <span class='ocrx_word' id='word_1_122' title='bbox 433 1647 492 1724; x_wconf 86' lang='lat' dir='ltr'>cui</span> <span class='ocrx_word' id='word_1_123' title='bbox 519 1649 714 1752; x_wconf 56' lang='lat' dir='ltr'>suspeiium</span> <span class='ocrx_word' id='word_1_124' title='bbox 741 1671 782 1727; x_wconf 88' lang='lat' dir='ltr'>ut</span> <span class='ocrx_word' id='word_1_125' title='bbox 808 1651 926 1727; x_wconf 85' lang='lat' dir='ltr'>minus</span> <span class='ocrx_word' id='word_1_126' title='bbox 953 1675 1034 1725; x_wconf 84' lang='lat' dir='ltr'>vera</span> <span class='ocrx_word' id='word_1_127' title='bbox 1060 1647 1143 1724; x_wconf 88' lang='lat' dir='ltr'>scri·</span> 
     </span>
     <span class='ocr_line' id='line_1_15' title="bbox 380 1750 1144 1852; baseline 0 -27"><span class='ocrx_word' id='word_1_128' title='bbox 380 1801 408 1845; x_wconf 91' lang='lat'>„</span> <span class='ocrx_word' id='word_1_129' title='bbox 434 1750 589 1852; x_wconf 63' lang='lat' dir='ltr'>trierim,</span> <span class='ocrx_word' id='word_1_130' title='bbox 624 1754 668 1828; x_wconf 87' lang='lat' dir='ltr'>ad</span> <span class='ocrx_word' id='word_1_131' title='bbox 694 1753 831 1828; x_wconf 81' lang='lat' dir='ltr'>Scribas</span> <span class='ocrx_word' id='word_1_132' title='bbox 858 1773 1144 1852; x_wconf 83' lang='lat' dir='ltr'>unumquemque</span> 
     </span>
     <span class='ocr_line' id='line_1_16' title="bbox 380 1851 1143 1956; baseline -0.003 -28"><span class='ocrx_word' id='word_1_133' title='bbox 380 1901 409 1946; x_wconf 87' lang='lat'>‚‚</span> <span class='ocrx_word' id='word_1_134' title='bbox 434 1851 610 1944; x_wconf 83' lang='lat' dir='ltr'>remitto,</span> <span class='ocrx_word' id='word_1_135' title='bbox 648 1857 669 1928; x_wconf 72' lang='lat' dir='ltr'>i</span> <span class='ocrx_word' id='word_1_136' title='bbox 709 1855 838 1956; x_wconf 79' lang='lat' dir='ltr'>quibus</span> <span class='ocrx_word' id='word_1_137' title='bbox 878 1853 999 1955; x_wconf 82' lang='lat' dir='ltr'>paffim</span> <span class='ocrx_word' id='word_1_138' title='bbox 1034 1851 1143 1927; x_wconf 88' lang='lat' dir='ltr'>retuli</span> 
     </span>
     <span class='ocr_line' id='line_1_17' title="bbox 381 1953 1143 2058; baseline -0.004 -27"><span class='ocrx_word' id='word_1_139' title='bbox 381 2005 409 2046; x_wconf 90' lang='lat'>„</span> <span class='ocrx_word' id='word_1_140' title='bbox 435 1980 493 2031; x_wconf 88' lang='lat' dir='ltr'>me</span> <span class='ocrx_word' id='word_1_141' title='bbox 518 1953 741 2056; x_wconf 72' lang='lat' dir='ltr'>decerptae,</span> <span class='ocrx_word' id='word_1_142' title='bbox 777 1973 817 2032; x_wconf 87' lang='lat' dir='ltr'>ut</span> <span class='ocrx_word' id='word_1_143' title='bbox 844 1976 940 2058; x_wconf 88' lang='lat' dir='ltr'>parte</span> <span class='ocrx_word' id='word_1_144' title='bbox 966 1981 1011 2030; x_wconf 86' lang='lat' dir='ltr'>ne</span> <span class='ocrx_word' id='word_1_145' title='bbox 1036 1979 1082 2030; x_wconf 82' lang='lat' dir='ltr'>ex</span> <span class='ocrx_word' id='word_1_146' title='bbox 1108 1979 1143 2028; x_wconf 89' lang='lat' dir='ltr'>a·</span> 
     </span>
     <span class='ocr_line' id='line_1_18' title="bbox 380 2053 1144 2168; baseline -0.001 -38"><span class='ocrx_word' id='word_1_147' title='bbox 380 2107 409 2151; x_wconf 89' lang='lat'>„</span> <span class='ocrx_word' id='word_1_148' title='bbox 435 2055 560 2156; x_wconf 87' lang='lat' dir='ltr'>liqna,</span> <span class='ocrx_word' id='word_1_149' title='bbox 587 2057 681 2168; x_wconf 83' lang='lat' dir='ltr'>quod</span> <span class='ocrx_word' id='word_1_150' title='bbox 707 2055 850 2156; x_wconf 80' lang='lat' dir='ltr'>scripfi,</span> <span class='ocrx_word' id='word_1_151' title='bbox 885 2083 966 2134; x_wconf 87' lang='lat' dir='ltr'>cum</span> <span class='ocrx_word' id='word_1_152' title='bbox 992 2053 1144 2132; x_wconf 79' lang='lat' dir='ltr'>ueritate</span> 
     </span>
     <span class='ocr_line' id='line_1_19' title="bbox 381 2158 864 2259; baseline 0.004 -27"><span class='ocrx_word' id='word_1_153' title='bbox 381 2209 409 2252; x_wconf 89' lang='lat'>„</span> <span class='ocrx_word' id='word_1_154' title='bbox 437 2177 590 2259; x_wconf 84' lang='lat' dir='ltr'><strong>pugnet,</strong></span> <span class='ocrx_word' id='word_1_155' title='bbox 617 2158 748 2234; x_wconf 87' lang='lat' dir='ltr'>certior</span> <span class='ocrx_word' id='word_1_156' title='bbox 774 2159 864 2236; x_wconf 86' lang='lat' dir='ltr'>fiat.</span> 
     </span>
    </p>
   </div>
   <div class='ocr_carea' id='block_1_6' title="bbox 1254 1549 2021 2258">
    <p class='ocr_par' dir='ltr' id='par_1_6' title="bbox 1254 1549 2021 2258">
     <span class='ocr_line' id='line_1_20' title="bbox 1254 1549 2017 1652; baseline 0.008 -31"><span class='ocrx_word' id='word_1_157' title='bbox 1254 1575 1313 1648; x_wconf 79' lang='lat' dir='ltr'>que</span> <span class='ocrx_word' id='word_1_158' title='bbox 1338 1577 1376 1622; x_wconf 80' lang='lat' dir='ltr'>ex</span> <span class='ocrx_word' id='word_1_159' title='bbox 1395 1549 1553 1644; x_wconf 71' lang='lat' dir='ltr'>ferculis,</span> <span class='ocrx_word' id='word_1_160' title='bbox 1586 1579 1667 1650; x_wconf 85' lang='lat' dir='ltr'>quae</span> <span class='ocrx_word' id='word_1_161' title='bbox 1697 1573 1859 1652; x_wconf 83' lang='lat' dir='ltr'>ponuntur</span> <span class='ocrx_word' id='word_1_162' title='bbox 1885 1555 1919 1625; x_wconf 91' lang='lat' dir='ltr'>in</span> <span class='ocrx_word' id='word_1_163' title='bbox 1945 1581 2017 1627; x_wconf 82' lang='lat' dir='ltr'>con·</span> 
     </span>
     <span class='ocr_line' id='line_1_21' title="bbox 1254 1651 2021 1729; baseline 0.008 -7"><span class='ocrx_word' id='word_1_164' title='bbox 1254 1651 1349 1723; x_wconf 80' lang='lat' dir='ltr'>trivio</span> <span class='ocrx_word' id='word_1_165' title='bbox 1374 1652 1509 1724; x_wconf 81' lang='lat' dir='ltr'><em>Domini</em></span> <span class='ocrx_word' id='word_1_166' title='bbox 1541 1655 1765 1729; x_wconf 83' lang='lat' dir='ltr'>Patriarcbae.</span> <span class='ocrx_word' id='word_1_167' title='bbox 1801 1657 1843 1728; x_wconf 79' lang='lat' dir='ltr'>Ia</span> <span class='ocrx_word' id='word_1_168' title='bbox 1876 1655 1955 1726; x_wconf 87' lang='lat' dir='ltr'>mibi</span> <span class='ocrx_word' id='word_1_169' title='bbox 1981 1655 2021 1728; x_wconf 83' lang='lat' dir='ltr'>in</span> 
     </span>
     <span class='ocr_line' id='line_1_22' title="bbox 1256 1753 2020 1858; baseline 0.009 -34"><span class='ocrx_word' id='word_1_170' title='bbox 1256 1773 1389 1825; x_wconf 83' lang='lat' dir='ltr'>munrrrn</span> <span class='ocrx_word' id='word_1_171' title='bbox 1413 1775 1540 1828; x_wconf 69' lang='lat' dir='ltr'>raucae</span> <span class='ocrx_word' id='word_1_172' title='bbox 1566 1753 1702 1854; x_wconf 71' lang='lat' dir='ltr'>subulas</span> <span class='ocrx_word' id='word_1_173' title='bbox 1725 1755 1883 1858; x_wconf 80' lang='lat' dir='ltr'>Equitum</span> <span class='ocrx_word' id='word_1_174' title='bbox 1908 1759 2020 1830; x_wconf 85' lang='lat' dir='ltr'>Tabur-</span> 
     </span>
     <span class='ocr_line' id='line_1_23' title="bbox 1256 1854 2019 1954; baseline 0.007 -29"><span class='ocrx_word' id='word_1_175' title='bbox 1256 1854 1308 1926; x_wconf 87' lang='lat' dir='ltr'>lae</span> <span class='ocrx_word' id='word_1_176' title='bbox 1333 1861 1524 1930; x_wconf 76' lang='lat' dir='ltr'>Rotundae.</span> <span class='ocrx_word' id='word_1_177' title='bbox 1550 1864 1667 1954; x_wconf 69' lang='lat' dir='ltr'>Aeque</span> <span class='ocrx_word' id='word_1_178' title='bbox 1691 1867 1766 1931; x_wconf 83' lang='lat' dir='ltr'>verb</span> <span class='ocrx_word' id='word_1_179' title='bbox 1792 1857 1963 1944; x_wconf 70' lang='lat' dir='ltr'><em>inusitatae</em></span> <span class='ocrx_word' id='word_1_180' title='bbox 1985 1883 2019 1930; x_wconf 83' lang='lat' dir='ltr'>n·</span> 
     </span>
     <span class='ocr_line' id='line_1_24' title="bbox 1257 1954 2016 2053; baseline 0.008 -27"><span class='ocrx_word' id='word_1_181' title='bbox 1257 1977 1332 2028; x_wconf 84' lang='lat' dir='ltr'>rant</span> <span class='ocrx_word' id='word_1_182' title='bbox 1357 1954 1535 2053; x_wconf 72' lang='lat' dir='ltr'><em>pensiones</em></span> <span class='ocrx_word' id='word_1_183' title='bbox 1561 1957 1730 2032; x_wconf 73' lang='lat' dir='ltr'>feudales</span> <span class='ocrx_word' id='word_1_184' title='bbox 1758 1959 2016 2032; x_wconf 81' lang='lat' dir='ltr'>Vaiiallorum.</span> 
     </span>
     <span class='ocr_line' id='line_1_25' title="bbox 1257 2057 2021 2150; baseline -0.003 -22"><span class='ocrx_word' id='word_1_185' title='bbox 1257 2057 1427 2130; x_wconf 83' lang='lat' dir='ltr'>Bobeniae</span> <span class='ocrx_word' id='word_1_186' title='bbox 1453 2057 1539 2150; x_wconf 81' lang='lat' dir='ltr'>Regi</span> <span class='ocrx_word' id='word_1_187' title='bbox 1565 2057 1745 2150; x_wconf 75' lang='lat' dir='ltr'>injunllurn</span> <span class='ocrx_word' id='word_1_188' title='bbox 1774 2085 1852 2132; x_wconf 83' lang='lat' dir='ltr'>onus</span> <span class='ocrx_word' id='word_1_189' title='bbox 1876 2079 1944 2130; x_wconf 80' lang='lat' dir='ltr'>erar</span> <span class='ocrx_word' id='word_1_190' title='bbox 1970 2085 2021 2131; x_wconf 73' lang='lat' dir='ltr'>ren</span> 
     </span>
     <span class='ocr_line' id='line_1_26' title="bbox 1257 2158 2020 2258; baseline 0.001 -29"><span class='ocrx_word' id='word_1_191' title='bbox 1257 2158 1401 2230; x_wconf 81' lang='lat' dir='ltr'>dimendi</span> <span class='ocrx_word' id='word_1_192' title='bbox 1425 2159 1671 2251; x_wconf 84' lang='lat' dir='ltr'>Patriarcbarn,</span> <span class='ocrx_word' id='word_1_193' title='bbox 1705 2163 1761 2234; x_wconf 89' lang='lat' dir='ltr'>ubi</span> <span class='ocrx_word' id='word_1_194' title='bbox 1796 2161 2020 2258; x_wconf 76' lang='lat' dir='ltr'>captivitatem</span> 
     </span>
    </p>
   </div>
   <div class='ocr_carea' id='block_1_7' title="bbox 380 2258 2022 2468">
    <p class='ocr_par' dir='ltr' id='par_1_7' title="bbox 380 2258 2022 2468">
     <span class='ocr_line' id='line_1_27' title="bbox 386 2258 2021 2360; baseline -0.002 -24"><span class='ocrx_word' id='word_1_195' title='bbox 386 2304 390 2312; x_wconf 93' lang='lat'><em>·</em></span> <span class='ocrx_word' id='word_1_196' title='bbox 432 2263 533 2336; x_wconf 86' lang='lat' dir='ltr'>Haec</span> <span class='ocrx_word' id='word_1_197' title='bbox 556 2259 621 2335; x_wconf 87' lang='lat' dir='ltr'>iile</span> <span class='ocrx_word' id='word_1_198' title='bbox 639 2265 852 2357; x_wconf 78' lang='lat' dir='ltr'>Anonymus</span> <span class='ocrx_word' id='word_1_199' title='bbox 871 2259 913 2337; x_wconf 91' lang='lat' dir='ltr'>de</span> <span class='ocrx_word' id='word_1_200' title='bbox 932 2258 1060 2338; x_wconf 73' lang='lat' dir='ltr'>feudis</span> <span class='ocrx_word' id='word_1_201' title='bbox 1080 2262 1144 2334; x_wconf 88' lang='lat' dir='ltr'>Pa·</span> <span class='ocrx_word' id='word_1_202' title='bbox 1259 2259 1428 2332; x_wconf 81' lang='lat' dir='ltr'>incurreret</span> <span class='ocrx_word' id='word_1_203' title='bbox 1452 2263 1540 2358; x_wconf 81' lang='lat' dir='ltr'>apud</span> <span class='ocrx_word' id='word_1_204' title='bbox 1563 2261 1681 2360; x_wconf 67' lang='lat' dir='ltr'><em>boios.</em></span> <span class='ocrx_word' id='word_1_205' title='bbox 1708 2266 1748 2334; x_wconf 88' lang='lat' dir='ltr'>ln</span> <span class='ocrx_word' id='word_1_206' title='bbox 1774 2261 1896 2334; x_wconf 83' lang='lat' dir='ltr'>Charra</span> <span class='ocrx_word' id='word_1_207' title='bbox 1921 2261 2021 2334; x_wconf 72' lang='lat' dir='ltr'>Anni</span> 
     </span>
     <span class='ocr_line' id='line_1_28' title="bbox 380 2347 2022 2468; baseline -0.001 -34"><span class='ocrx_word' id='word_1_208' title='bbox 380 2359 594 2438; x_wconf 85' lang='lat' dir='ltr'>triarchatus</span> <span class='ocrx_word' id='word_1_209' title='bbox 621 2363 886 2468; x_wconf 84' lang='lat' dir='ltr'>Aquiiejenfis,</span> <span class='ocrx_word' id='word_1_210' title='bbox 925 2385 1077 2464; x_wconf 83' lang='lat' dir='ltr'>quotum</span> <span class='ocrx_word' id='word_1_211' title='bbox 1104 2360 1145 2437; x_wconf 74' lang='lat' dir='ltr'>sr-</span> <span class='ocrx_word' id='word_1_212' title='bbox 1185 2347 1217 2420; x_wconf 68' lang='grc' dir='ltr'>(ἶ</span> <span class='ocrx_word' id='word_1_213' title='bbox 1258 2367 1479 2436; x_wconf 78' lang='lat' dir='ltr'><strong><em>MCCCXLI.</em></strong></span> <span class='ocrx_word' id='word_1_214' title='bbox 1523 2363 1647 2460; x_wconf 69' lang='lat' dir='ltr'>Roiani</span> <span class='ocrx_word' id='word_1_215' title='bbox 1683 2361 1838 2434; x_wconf 83' lang='lat' dir='ltr'>Cividari</span> <span class='ocrx_word' id='word_1_216' title='bbox 1875 2381 2022 2432; x_wconf 80' lang='lat' dir='ltr'>sonentur</span> 
     </span>
    </p>
   </div>
   <div class='ocr_carea' id='block_1_8' title="bbox 378 2463 1146 3168">
    <p class='ocr_par' dir='ltr' id='par_1_8' title="bbox 378 2463 1146 3168">
     <span class='ocr_line' id='line_1_29' title="bbox 380 2463 1143 2568; baseline 0.004 -31"><span class='ocrx_word' id='word_1_217' title='bbox 380 2463 513 2558; x_wconf 86' lang='lat' dir='ltr'>milia,</span> <span class='ocrx_word' id='word_1_218' title='bbox 555 2487 617 2540; x_wconf 83' lang='lat' dir='ltr'>aut</span> <span class='ocrx_word' id='word_1_219' title='bbox 656 2485 750 2540; x_wconf 88' lang='lat' dir='ltr'>certe</span> <span class='ocrx_word' id='word_1_220' title='bbox 790 2484 847 2541; x_wconf 92' lang='lat' dir='ltr'>tot</span> <span class='ocrx_word' id='word_1_221' title='bbox 884 2475 1143 2568; x_wconf 44' lang='lat' dir='ltr'>numerosan</span> 
     </span>
     <span class='ocr_line' id='line_1_30' title="bbox 381 2559 1144 2668; baseline -0.003 -28"><span class='ocrx_word' id='word_1_222' title='bbox 381 2561 569 2664; x_wconf 79' lang='lat' dir='ltr'>quisquam</span> <span class='ocrx_word' id='word_1_223' title='bbox 596 2567 687 2641; x_wconf 83' lang='lat' dir='ltr'>alius</span> <span class='ocrx_word' id='word_1_224' title='bbox 715 2567 881 2668; x_wconf 80' lang='lat' dir='ltr'>Princeps</span> <span class='ocrx_word' id='word_1_225' title='bbox 906 2567 946 2640; x_wconf 91' lang='lat' dir='ltr'>in</span> <span class='ocrx_word' id='word_1_226' title='bbox 963 2559 1034 2640; x_wconf 78' lang='lat' dir='ltr'>&#39;usu</span> <span class='ocrx_word' id='word_1_227' title='bbox 1051 2565 1144 2668; x_wconf 83' lang='lat' dir='ltr'>olim</span> 
     </span>
     <span class='ocr_line' id='line_1_31' title="bbox 381 2663 1146 2785; baseline -0.003 -45"><span class='ocrx_word' id='word_1_228' title='bbox 381 2665 573 2759; x_wconf 81' lang='lat' dir='ltr'>habuerit,</span> <span class='ocrx_word' id='word_1_229' title='bbox 599 2667 740 2742; x_wconf 86' lang='lat' dir='ltr'>nescio.</span> <span class='ocrx_word' id='word_1_230' title='bbox 777 2671 831 2785; x_wconf 73' lang='lat' dir='ltr'>De</span> <span class='ocrx_word' id='word_1_231' title='bbox 858 2685 931 2740; x_wconf 89' lang='lat' dir='ltr'>tam</span> <span class='ocrx_word' id='word_1_232' title='bbox 959 2663 1146 2782; x_wconf 73' lang='lat' dir='ltr'>peregrino</span> 
     </span>
     <span class='ocr_line' id='line_1_32' title="bbox 379 2761 1143 2954; baseline -0.005 -12"><span class='ocrx_word' id='word_1_233' title='bbox 379 2785 769 2942; x_wconf 61' lang='lat' dir='ltr'>titii‘intttt</span> <span class='ocrx_word' id='word_1_234' title='bbox 788 2761 1143 2954; x_wconf 65' lang='lat' dir='ltr'>Jiit‘tttitnit</span> 
     </span>
     <span class='ocr_line' id='line_1_33' title="bbox 379 2889 1143 3066; baseline -0.004 -23"><span class='ocrx_word' id='word_1_235' title='bbox 379 2964 615 3058; x_wconf 87' lang='lat' dir='ltr'>Utinenscm‚</span> <span class='ocrx_word' id='word_1_236' title='bbox 642 2965 699 3041; x_wconf 88' lang='lat' dir='ltr'>cui</span> <span class='ocrx_word' id='word_1_237' title='bbox 728 2989 832 3040; x_wconf 89' lang='lat' dir='ltr'>nemo</span> <span class='ocrx_word' id='word_1_238' title='bbox 858 2889 997 3040; x_wconf 73' lang='lat' dir='ltr'>limaise</span> <span class='ocrx_word' id='word_1_239' title='bbox 1016 2981 1078 3066; x_wconf 79' lang='lat' dir='ltr'>pat</span> <span class='ocrx_word' id='word_1_240' title='bbox 1095 2965 1143 3040; x_wconf 85' lang='lat' dir='ltr'>est</span> 
     </span>
     <span class='ocr_line' id='line_1_34' title="bbox 378 3065 1141 3168; baseline -0.005 -24"><span class='ocrx_word' id='word_1_241' title='bbox 378 3070 419 3145; x_wconf 89' lang='lat' dir='ltr'>in</span> <span class='ocrx_word' id='word_1_242' title='bbox 447 3065 740 3168; x_wconf 73' lang='lat' dir='ltr'>Foroiuliensrum</span> <span class='ocrx_word' id='word_1_243' title='bbox 767 3065 1040 3164; x_wconf 78' lang='lat' dir='ltr'>Antiquitatum</span> <span class='ocrx_word' id='word_1_244' title='bbox 1075 3066 1141 3140; x_wconf 83' lang='lat' dir='ltr'>nu·</span> 
     </span>
    </p>
   </div>
   <div class='ocr_carea' id='block_1_9' title="bbox 1255 2459 2025 3160">
    <p class='ocr_par' dir='ltr' id='par_1_9' title="bbox 1255 2459 2025 3160">
     <span class='ocr_line' id='line_1_35' title="bbox 1257 2459 2021 2558; baseline 0 -25"><span class='ocrx_word' id='word_1_245' title='bbox 1257 2459 1355 2535; x_wconf 81' lang='lat' dir='ltr'>iunurri</span> <span class='ocrx_word' id='word_1_246' title='bbox 1381 2463 1482 2554; x_wconf 84' lang='lat' dir='ltr'>rnsrrn</span> <span class='ocrx_word' id='word_1_247' title='bbox 1515 2487 1663 2558; x_wconf 83' lang='lat' dir='ltr'>nragnurn</span> <span class='ocrx_word' id='word_1_248' title='bbox 1689 2489 1757 2533; x_wconf 85' lang='lat' dir='ltr'>cum</span> <span class='ocrx_word' id='word_1_249' title='bbox 1791 2462 1918 2556; x_wconf 83' lang='lat' dir='ltr'>vaginl</span> <span class='ocrx_word' id='word_1_250' title='bbox 1944 2463 2021 2534; x_wconf 81' lang='lat' dir='ltr'>albl</span> 
     </span>
     <span class='ocr_line' id='line_1_36' title="bbox 1261 2561 2025 2658; baseline 0.003 -24"><span class='ocrx_word' id='word_1_251' title='bbox 1261 2566 1307 2634; x_wconf 79' lang='lat' dir='ltr'>aul</span> <span class='ocrx_word' id='word_1_252' title='bbox 1330 2579 1444 2634; x_wconf 81' lang='lat' dir='ltr'>rnorem</span> <span class='ocrx_word' id='word_1_253' title='bbox 1473 2563 1698 2633; x_wconf 82' lang='lat' dir='ltr'>Tbernunicunr</span> <span class='ocrx_word' id='word_1_254' title='bbox 1729 2561 1928 2658; x_wconf 78' lang='lat' dir='ltr'>praesentare</span> <span class='ocrx_word' id='word_1_255' title='bbox 1954 2569 2025 2638; x_wconf 78' lang='lat' dir='ltr'>Pa·-</span> 
     </span>
     <span class='ocr_line' id='line_1_37' title="bbox 1259 2661 2023 2752; baseline 0.009 -21"><span class='ocrx_word' id='word_1_256' title='bbox 1259 2662 1415 2733; x_wconf 75' lang='lat' dir='ltr'>triarchas</span> <span class='ocrx_word' id='word_1_257' title='bbox 1448 2661 1589 2735; x_wconf 75' lang='lat' dir='ltr'>intranti</span> <span class='ocrx_word' id='word_1_258' title='bbox 1621 2662 1838 2752; x_wconf 74' lang='lat' dir='ltr'>civianum,</span> <span class='ocrx_word' id='word_1_259' title='bbox 1872 2665 1919 2734; x_wconf 68' lang='lat'>(9&#39;</span> <span class='ocrx_word' id='word_1_260' title='bbox 1952 2691 2023 2740; x_wconf 79' lang='lat' dir='ltr'>turn</span> 
     </span>
     <span class='ocr_line' id='line_1_38' title="bbox 1259 2760 2023 2858; baseline 0.004 -24"><span class='ocrx_word' id='word_1_261' title='bbox 1259 2760 1415 2851; x_wconf 78' lang='lat' dir='ltr'>anteferre</span> <span class='ocrx_word' id='word_1_262' title='bbox 1438 2761 1597 2858; x_wconf 74' lang='lat' dir='ltr'>usquead</span> <span class='ocrx_word' id='word_1_263' title='bbox 1613 2761 1720 2854; x_wconf 77' lang='lat' dir='ltr'>scalas</span> <span class='ocrx_word' id='word_1_264' title='bbox 1744 2763 1891 2855; x_wconf 82' lang='lat' dir='ltr'>Palatii,</span> <span class='ocrx_word' id='word_1_265' title='bbox 1918 2766 1953 2836; x_wconf 89' lang='lat' dir='ltr'>in</span> <span class='ocrx_word' id='word_1_266' title='bbox 1973 2767 2023 2853; x_wconf 81' lang='lat' dir='ltr'>fi·</span> 
     </span>
     <span class='ocr_line' id='line_1_39' title="bbox 1257 2859 2022 2963; baseline 0.01 -31"><span class='ocrx_word' id='word_1_267' title='bbox 1257 2887 1358 2960; x_wconf 88' lang='lat' dir='ltr'>gnurn</span> <span class='ocrx_word' id='word_1_268' title='bbox 1392 2859 1518 2934; x_wconf 76' lang='lat' dir='ltr'>bonnis</span> <span class='ocrx_word' id='word_1_269' title='bbox 1544 2864 1589 2932; x_wconf 69' lang='lat' dir='ltr'>O·</span> <span class='ocrx_word' id='word_1_270' title='bbox 1611 2863 1767 2938; x_wconf 80' lang='lat' dir='ltr'>dominii.</span> <span class='ocrx_word' id='word_1_271' title='bbox 1802 2871 1897 2960; x_wconf 69' lang='lat' dir='ltr'>Quae</span> <span class='ocrx_word' id='word_1_272' title='bbox 1926 2870 2022 2963; x_wconf 82' lang='lat' dir='ltr'>prar-</span> 
     </span>
     <span class='ocr_line' id='line_1_40' title="bbox 1260 2962 2023 3058; baseline 0.013 -26"><span class='ocrx_word' id='word_1_273' title='bbox 1260 2963 1412 3058; x_wconf 77' lang='lat' dir='ltr'>rogarina</span> <span class='ocrx_word' id='word_1_274' title='bbox 1447 2963 1571 3035; x_wconf 82' lang='lat' dir='ltr'>indicat</span> <span class='ocrx_word' id='word_1_275' title='bbox 1585 3008 1590 3016; x_wconf 88' lang='lat'>.</span> <span class='ocrx_word' id='word_1_276' title='bbox 1604 2962 1831 3038; x_wconf 70' lang='lat' dir='ltr'>Mariscattos</span> <span class='ocrx_word' id='word_1_277' title='bbox 1867 2965 1960 3039; x_wconf 84' lang='lat' dir='ltr'>illius</span> <span class='ocrx_word' id='word_1_278' title='bbox 1985 2993 2023 3042; x_wconf 77' lang='lat' dir='ltr'>a·</span> 
     </span>
     <span class='ocr_line' id='line_1_41' title="bbox 1255 3063 2023 3160; baseline 0.008 -26"><span class='ocrx_word' id='word_1_279' title='bbox 1255 3063 1330 3160; x_wconf 86' lang='lat' dir='ltr'>gri.</span> <span class='ocrx_word' id='word_1_280' title='bbox 1361 3066 1570 3158; x_wconf 80' lang='lat' dir='ltr'>Saarorgnani</span> <span class='ocrx_word' id='word_1_281' title='bbox 1593 3065 1766 3158; x_wconf 78' lang='lat' dir='ltr'>offerebant</span> <span class='ocrx_word' id='word_1_282' title='bbox 1789 3067 1920 3138; x_wconf 68' lang='lat' dir='ltr'>Abbati</span> <span class='ocrx_word' id='word_1_283' title='bbox 1945 3073 2023 3140; x_wconf 82' lang='lat' dir='ltr'>Mu·</span> 
     </span>
    </p>
   </div>
   <div class='ocr_carea' id='block_1_10' title="bbox 379 3161 2025 3368">
    <p class='ocr_par' dir='ltr' id='par_1_10' title="bbox 379 3161 2025 3368">
     <span class='ocr_line' id='line_1_42' title="bbox 379 3161 2024 3268; baseline -0.005 -23"><span class='ocrx_word' id='word_1_284' title='bbox 379 3170 443 3246; x_wconf 86' lang='lat' dir='ltr'>‹tio</span> <span class='ocrx_word' id='word_1_285' title='bbox 469 3187 576 3268; x_wconf 88' lang='lat' dir='ltr'>atque</span> <span class='ocrx_word' id='word_1_286' title='bbox 602 3167 755 3263; x_wconf 81' lang='lat' dir='ltr'>peritii,</span> <span class='ocrx_word' id='word_1_287' title='bbox 781 3163 955 3268; x_wconf 73' lang='lat' dir='ltr'>rescripsit</span> <span class='ocrx_word' id='word_1_288' title='bbox 979 3165 1065 3260; x_wconf 86' lang='lat' dir='ltr'>ille,</span> <span class='ocrx_word' id='word_1_289' title='bbox 1102 3165 1140 3240; x_wconf 89' lang='lat' dir='ltr'>fi·</span> <span class='ocrx_word' id='word_1_290' title='bbox 1258 3163 1310 3236; x_wconf 80' lang='lat' dir='ltr'>lii</span> <span class='ocrx_word' id='word_1_291' title='bbox 1327 3163 1414 3238; x_wconf 86' lang='lat' dir='ltr'>duos</span> <span class='ocrx_word' id='word_1_292' title='bbox 1429 3164 1592 3256; x_wconf 75' lang='lat' dir='ltr'>Calices,</span> <span class='ocrx_word' id='word_1_293' title='bbox 1610 3161 1673 3263; x_wconf 87' lang='lat' dir='ltr'>qui</span> <span class='ocrx_word' id='word_1_294' title='bbox 1693 3164 1923 3241; x_wconf 85' lang='lat' dir='ltr'>nominantur</span> <span class='ocrx_word' id='word_1_295' title='bbox 1937 3171 2024 3245; x_wconf 75' lang='lat' dir='ltr'>Bot-</span> 
     </span>
     <span class='ocr_line' id='line_1_43' title="bbox 380 3260 2025 3368; baseline -0.002 -19"><span class='ocrx_word' id='word_1_296' title='bbox 380 3272 420 3349; x_wconf 83' lang='lat' dir='ltr'>bi</span> <span class='ocrx_word' id='word_1_297' title='bbox 446 3270 513 3346; x_wconf 80' lang='lat' dir='ltr'>effe</span> <span class='ocrx_word' id='word_1_298' title='bbox 538 3268 689 3346; x_wconf 68' lang='lat' dir='ltr'>Chartae</span> <span class='ocrx_word' id='word_1_299' title='bbox 715 3269 935 3368; x_wconf 77' lang='lat' dir='ltr'>compium,</span> <span class='ocrx_word' id='word_1_300' title='bbox 970 3269 1030 3342; x_wconf 85' lang='lat' dir='ltr'>vei</span> <span class='ocrx_word' id='word_1_301' title='bbox 1066 3271 1143 3344; x_wconf 82' lang='lat' dir='ltr'>An·</span> <span class='ocrx_word' id='word_1_302' title='bbox 1181 3260 1234 3346; x_wconf 78' lang='lat' dir='ltr'>D.</span> <span class='ocrx_word' id='word_1_303' title='bbox 1258 3281 1319 3338; x_wconf 78' lang='lat' dir='ltr'>tet</span> <span class='ocrx_word' id='word_1_304' title='bbox 1353 3287 1433 3362; x_wconf 84' lang='lat' dir='ltr'>quae</span> <span class='ocrx_word' id='word_1_305' title='bbox 1458 3291 1523 3336; x_wconf 80' lang='lat' dir='ltr'>von</span> <span class='ocrx_word' id='word_1_306' title='bbox 1548 3265 1583 3336; x_wconf 91' lang='lat' dir='ltr'>in</span> <span class='ocrx_word' id='word_1_307' title='bbox 1608 3266 1742 3362; x_wconf 82' lang='lat' dir='ltr'>vulgari</span> <span class='ocrx_word' id='word_1_308' title='bbox 1775 3269 1907 3364; x_wconf 83' lang='lat' dir='ltr'>Lingua</span> <span class='ocrx_word' id='word_1_309' title='bbox 1941 3271 2025 3345; x_wconf 81' lang='lat' dir='ltr'>Furi</span> 
     </span>
    </p>
   </div>
   <div class='ocr_carea' id='block_1_11' title="bbox 379 3351 2105 3581">
    <p class='ocr_par' dir='ltr' id='par_1_11' title="bbox 379 3351 2105 3581">
     <span class='ocr_line' id='line_1_44' title="bbox 379 3351 2105 3546; baseline -0.001 -97"><span class='ocrx_word' id='word_1_310' title='bbox 379 3399 430 3450; x_wconf 88' lang='lat' dir='ltr'>no</span> <span class='ocrx_word' id='word_1_311' title='bbox 455 3367 931 3546; x_wconf 55' lang='lat' dir='ltr'>MCXLVIncouicriKtas,</span> <span class='ocrx_word' id='word_1_312' title='bbox 958 3368 997 3444; x_wconf 90' lang='lat' dir='ltr'>in</span> <span class='ocrx_word' id='word_1_313' title='bbox 1015 3351 1175 3470; x_wconf 85' lang='lat' dir='ltr'>quibusl</span> <span class='ocrx_word' id='word_1_314' title='bbox 1247 3367 1369 3458; x_wconf 75' lang='lat' dir='ltr'>Jnltt,</span> <span class='ocrx_word' id='word_1_315' title='bbox 1403 3368 1423 3435; x_wconf 76' lang='grc' dir='ltr'><em>ὲ</em></span> <span class='ocrx_word' id='word_1_316' title='bbox 1456 3366 1664 3462; x_wconf 83' lang='lat' dir='ltr'>cumpluribus</span> <span class='ocrx_word' id='word_1_317' title='bbox 1699 3369 1839 3466; x_wconf 77' lang='lat' dir='ltr'>Linguis</span> <span class='ocrx_word' id='word_1_318' title='bbox 1875 3371 2024 3466; x_wconf 74' lang='lat' dir='ltr'>offirma·¹</span> <span class='ocrx_word' id='word_1_319' title='bbox 2101 3381 2105 3388; x_wconf 82' lang='lat'>&#39;</span> 
     </span>
     <span class='ocr_line' id='line_1_45' title="bbox 380 3468 2022 3581; baseline -0.004 -28"><span class='ocrx_word' id='word_1_320' title='bbox 380 3473 553 3581; x_wconf 85' lang='lat' dir='ltr'>ejusmodi</span> <span class='ocrx_word' id='word_1_321' title='bbox 582 3471 698 3548; x_wconf 77' lang='lat' dir='ltr'>reuda</span> <span class='ocrx_word' id='word_1_322' title='bbox 724 3472 828 3572; x_wconf 84' lang='lat' dir='ltr'>depre</span> <span class='ocrx_word' id='word_1_323' title='bbox 853 3473 1049 3548; x_wconf 82' lang='lat' dir='ltr'>cuduntur.</span> <span class='ocrx_word' id='word_1_324' title='bbox 1077 3480 1141 3544; x_wconf 78' lang='lat' dir='ltr'>Ho-</span> <span class='ocrx_word' id='word_1_325' title='bbox 1257 3469 1318 3554; x_wconf 81' lang='lat' dir='ltr'>tl,</span> <span class='ocrx_word' id='word_1_326' title='bbox 1354 3472 1549 3540; x_wconf 78' lang='lat' dir='ltr'>Francorum</span> <span class='ocrx_word' id='word_1_327' title='bbox 1582 3468 1737 3560; x_wconf 79' lang='lat' dir='ltr'>loquelam</span> <span class='ocrx_word' id='word_1_328' title='bbox 1765 3469 1882 3560; x_wconf 83' lang='lat' dir='ltr'>Jonnr.</span> <span class='ocrx_word' id='word_1_329' title='bbox 1917 3471 2022 3568; x_wconf 75' lang='lat' dir='ltr'>Poffee</span> 
     </span>
    </p>
   </div>
   <div class='ocr_carea' id='block_1_12' title="bbox 357 3568 2021 4790">
    <p class='ocr_par' dir='ltr' id='par_1_12' title="bbox 357 3568 2021 4790">
     <span class='ocr_line' id='line_1_46' title="bbox 381 3568 2021 3678; baseline -0.005 -28"><span class='ocrx_word' id='word_1_330' title='bbox 381 3603 454 3652; x_wconf 78' lang='lat' dir='ltr'>curn</span> <span class='ocrx_word' id='word_1_331' title='bbox 478 3577 593 3650; x_wconf 80' lang='lat' dir='ltr'>variar</span> <span class='ocrx_word' id='word_1_332' title='bbox 617 3572 799 3678; x_wconf 80' lang='lat' dir='ltr'>(inquit)</span> <span class='ocrx_word' id='word_1_333' title='bbox 819 3574 936 3671; x_wconf 83' lang='lat' dir='ltr'>species</span> <span class='ocrx_word' id='word_1_334' title='bbox 960 3595 1071 3648; x_wconf 78' lang='lat' dir='ltr'>nant.</span> <span class='ocrx_word' id='word_1_335' title='bbox 1107 3574 1147 3646; x_wconf 81' lang='lat' dir='ltr'>Si</span> <span class='ocrx_word' id='word_1_336' title='bbox 1251 3587 1415 3666; x_wconf 77' lang='lat' dir='ltr'>praeterea</span> <span class='ocrx_word' id='word_1_337' title='bbox 1439 3585 1479 3637; x_wconf 82' lang='lat' dir='ltr'>ae</span> <span class='ocrx_word' id='word_1_338' title='bbox 1505 3569 1626 3638; x_wconf 81' lang='lat' dir='ltr'>Feudis</span> <span class='ocrx_word' id='word_1_339' title='bbox 1653 3568 1837 3640; x_wconf 84' lang='lat' dir='ltr'>Minoribus</span> <span class='ocrx_word' id='word_1_340' title='bbox 1860 3571 2021 3670; x_wconf 67' lang='lat' dir='ltr'>integrum</span> 
     </span>
     <span class='ocr_line' id='line_1_47' title="bbox 381 3665 2020 3771; baseline 0.002 -25"><span class='ocrx_word' id='word_1_341' title='bbox 381 3683 423 3754; x_wconf 72' lang='lat' dir='ltr'>dn</span> <span class='ocrx_word' id='word_1_342' title='bbox 448 3675 618 3752; x_wconf 85' lang='lat' dir='ltr'>Nobililur</span> <span class='ocrx_word' id='word_1_343' title='bbox 641 3675 789 3771; x_wconf 83' lang='lat' dir='ltr'>agimus,</span> <span class='ocrx_word' id='word_1_344' title='bbox 824 3677 979 3771; x_wconf 83' lang='lat' dir='ltr'>quaedam</span> <span class='ocrx_word' id='word_1_345' title='bbox 1002 3674 1149 3771; x_wconf 78' lang='lat' dir='ltr'>appella.</span> <span class='ocrx_word' id='word_1_346' title='bbox 1255 3665 1364 3760; x_wconf 81' lang='lat' dir='ltr'>oonftci</span> <span class='ocrx_word' id='word_1_347' title='bbox 1390 3667 1544 3740; x_wconf 76' lang='lat' dir='ltr'>Lenitur.</span> <span class='ocrx_word' id='word_1_348' title='bbox 1571 3672 1679 3739; x_wconf 79' lang='lat' dir='ltr'>Erant</span> <span class='ocrx_word' id='word_1_349' title='bbox 1697 3669 1781 3739; x_wconf 80' lang='lat' dir='ltr'>enim</span> <span class='ocrx_word' id='word_1_350' title='bbox 1800 3669 2020 3770; x_wconf 80' lang='lat' dir='ltr'>Gestaldiae,</span> 
     </span>
     <span class='ocr_line' id='line_1_48' title="bbox 382 3769 2020 3876; baseline -0.005 -23"><span class='ocrx_word' id='word_1_351' title='bbox 382 3783 502 3856; x_wconf 79' lang='lat' dir='ltr'>bantur</span> <span class='ocrx_word' id='word_1_352' title='bbox 525 3775 688 3876; x_wconf 88' lang='lat' dir='ltr'>Majosa,</span> <span class='ocrx_word' id='word_1_353' title='bbox 714 3774 826 3874; x_wconf 85' lang='lat' dir='ltr'>qualia</span> <span class='ocrx_word' id='word_1_354' title='bbox 844 3776 935 3866; x_wconf 76' lang='lat' dir='ltr'>furno</span> <span class='ocrx_word' id='word_1_355' title='bbox 959 3773 1148 3849; x_wconf 84' lang='lat' dir='ltr'>Pincesna·</span> <span class='ocrx_word' id='word_1_356' title='bbox 1256 3769 1496 3858; x_wconf 76' lang='lat' dir='ltr'>Armeniae,</span> <span class='ocrx_word' id='word_1_357' title='bbox 1525 3769 1772 3859; x_wconf 73' lang='lat' dir='ltr'>advocatiae,</span> <span class='ocrx_word' id='word_1_358' title='bbox 1801 3774 1916 3846; x_wconf 85' lang='lat' dir='ltr'>Feuda</span> <span class='ocrx_word' id='word_1_359' title='bbox 1944 3778 2020 3853; x_wconf 85' lang='lat' dir='ltr'>Mi.</span> 
     </span>
     <span class='ocr_line' id='line_1_49' title="bbox 383 3869 2019 3976; baseline 0.001 -25"><span class='ocrx_word' id='word_1_360' title='bbox 383 3897 465 3968; x_wconf 84' lang='lat' dir='ltr'>tus,</span> <span class='ocrx_word' id='word_1_361' title='bbox 500 3903 560 3976; x_wconf 85' lang='lat' dir='ltr'>quo</span> <span class='ocrx_word' id='word_1_362' title='bbox 585 3901 710 3948; x_wconf 88' lang='lat' dir='ltr'>munrrn</span> <span class='ocrx_word' id='word_1_363' title='bbox 736 3875 883 3972; x_wconf 74' lang='lat' dir='ltr'>infiguiri</span> <span class='ocrx_word' id='word_1_364' title='bbox 916 3875 1074 3948; x_wconf 81' lang='lat' dir='ltr'>interdurn</span> <span class='ocrx_word' id='word_1_365' title='bbox 1099 3903 1148 3948; x_wconf 85' lang='lat' dir='ltr'>oo·</span> <span class='ocrx_word' id='word_1_366' title='bbox 1255 3869 1399 3962; x_wconf 88' lang='lat' dir='ltr'>litaria,</span> <span class='ocrx_word' id='word_1_367' title='bbox 1442 3869 1557 3944; x_wconf 74' lang='lat' dir='ltr'>feuda</span> <span class='ocrx_word' id='word_1_368' title='bbox 1598 3871 1801 3961; x_wconf 77' lang='lat' dir='ltr'>Sartoriae,</span> <span class='ocrx_word' id='word_1_369' title='bbox 1840 3875 2019 3972; x_wconf 70' lang='lat' dir='ltr'>cnidiis,</span> 
     </span>
     <span class='ocr_line' id='line_1_50' title="bbox 383 3967 2021 4077; baseline -0.002 -20"><span class='ocrx_word' id='word_1_370' title='bbox 383 3999 514 4057; x_wconf 67' lang='lat' dir='ltr'>uerrunt</span> <span class='ocrx_word' id='word_1_371' title='bbox 547 3977 718 4051; x_wconf 85' lang='lat' dir='ltr'>Bolernlue</span> <span class='ocrx_word' id='word_1_372' title='bbox 751 3985 882 4074; x_wconf 81' lang='lat' dir='ltr'>Reges,</span> <span class='ocrx_word' id='word_1_373' title='bbox 917 3977 1148 4050; x_wconf 66' lang='lat' dir='ltr'>&amp;interdurn</span> <span class='ocrx_word' id='word_1_374' title='bbox 1256 3972 1465 4060; x_wconf 83' lang='lat' dir='ltr'>Brandeeia‚</span> <span class='ocrx_word' id='word_1_375' title='bbox 1495 3967 1727 4058; x_wconf 79' lang='lat' dir='ltr'>Arsenatico,</span> <span class='ocrx_word' id='word_1_376' title='bbox 1754 3975 2021 4077; x_wconf 57' lang='lat' dir='ltr'>walderim·</span> 
     </span>
     <span class='ocr_line' id='line_1_51' title="bbox 383 4072 2019 4176; baseline -0.007 -18"><span class='ocrx_word' id='word_1_377' title='bbox 383 4088 489 4158; x_wconf 79' lang='lat' dir='ltr'>Dans</span> <span class='ocrx_word' id='word_1_378' title='bbox 505 4079 684 4170; x_wconf 51' lang='lat' dir='ltr'>lustriae?</span> <span class='ocrx_word' id='word_1_379' title='bbox 706 4078 915 4153; x_wconf 72' lang='lat' dir='ltr'>Hereditaria</span> <span class='ocrx_word' id='word_1_380' title='bbox 934 4077 1004 4170; x_wconf 72' lang='lat' dir='ltr'>fuir</span> <span class='ocrx_word' id='word_1_381' title='bbox 1021 4078 1146 4152; x_wconf 80' lang='lat' dir='ltr'>Advo-</span> <span class='ocrx_word' id='word_1_382' title='bbox 1255 4075 1362 4172; x_wconf 83' lang='lat' dir='ltr'>linque</span> <span class='ocrx_word' id='word_1_383' title='bbox 1387 4072 1540 4171; x_wconf 77' lang='lat' dir='ltr'>ejusmodi</span> <span class='ocrx_word' id='word_1_384' title='bbox 1557 4073 1666 4146; x_wconf 81' lang='lat' dir='ltr'>mille.</span> <span class='ocrx_word' id='word_1_385' title='bbox 1695 4081 1763 4147; x_wconf 86' lang='lat' dir='ltr'>Uno</span> <span class='ocrx_word' id='word_1_386' title='bbox 1779 4081 1894 4162; x_wconf 79' lang='lat' dir='ltr'>verbo,</span> <span class='ocrx_word' id='word_1_387' title='bbox 1920 4083 2019 4176; x_wconf 83' lang='lat' dir='ltr'>quod.</span> 
     </span>
     <span class='ocr_line' id='line_1_52' title="bbox 357 4153 2018 4272; baseline -0.004 -12"><span class='ocrx_word' id='word_1_388' title='bbox 357 4181 480 4260; x_wconf 27' lang='lat' dir='ltr'>scatia</span> <span class='ocrx_word' id='word_1_389' title='bbox 515 4185 550 4258; x_wconf 87' lang='lat' dir='ltr'>in</span> <span class='ocrx_word' id='word_1_390' title='bbox 574 4180 752 4256; x_wconf 78' lang='lat' dir='ltr'>Coruinibus</span> <span class='ocrx_word' id='word_1_391' title='bbox 785 4179 955 4272; x_wconf 68' lang='lat' dir='ltr'>(initiae,</span> <span class='ocrx_word' id='word_1_392' title='bbox 991 4179 1036 4252; x_wconf 71' lang='lat' dir='ltr'>O·</span> <span class='ocrx_word' id='word_1_393' title='bbox 1061 4185 1144 4254; x_wconf 81' lang='lat' dir='ltr'>Feu·</span> <span class='ocrx_word' id='word_1_394' title='bbox 1189 4153 1220 4228; x_wconf 69' lang='lat' dir='ltr'>E</span> <span class='ocrx_word' id='word_1_395' title='bbox 1255 4177 1370 4267; x_wconf 82' lang='lat' dir='ltr'>libor,</span> <span class='ocrx_word' id='word_1_396' title='bbox 1414 4175 1623 4272; x_wconf 78' lang='lat' dir='ltr'>quantumvis</span> <span class='ocrx_word' id='word_1_397' title='bbox 1662 4177 1827 4248; x_wconf 86' lang='lat' dir='ltr'>ruinirnunr</span> <span class='ocrx_word' id='word_1_398' title='bbox 1866 4181 2018 4268; x_wconf 79' lang='lat' dir='ltr'>Ministe-</span> 
     </span>
     <span class='ocr_line' id='line_1_53' title="bbox 384 4273 2019 4380; baseline -0.004 -20"><span class='ocrx_word' id='word_1_399' title='bbox 384 4287 461 4360; x_wconf 71' lang='lat' dir='ltr'>durn</span> <span class='ocrx_word' id='word_1_400' title='bbox 484 4286 643 4360; x_wconf 76' lang='lat' dir='ltr'>cimirun</span> <span class='ocrx_word' id='word_1_401' title='bbox 656 4281 906 4380; x_wconf 57' lang='lat' dir='ltr'>&#39;onbenburgt</span> <span class='ocrx_word' id='word_1_402' title='bbox 939 4284 1053 4356; x_wconf 85' lang='lat' dir='ltr'>Frurla</span> <span class='ocrx_word' id='word_1_403' title='bbox 1077 4283 1149 4359; x_wconf 79' lang='lat' dir='ltr'>alia</span> <span class='ocrx_word' id='word_1_404' title='bbox 1257 4279 1361 4368; x_wconf 89' lang='lat' dir='ltr'>rium,</span> <span class='ocrx_word' id='word_1_405' title='bbox 1387 4299 1444 4349; x_wconf 84' lang='lat' dir='ltr'>aur</span> <span class='ocrx_word' id='word_1_406' title='bbox 1469 4273 1664 4366; x_wconf 85' lang='lat' dir='ltr'>Beneficium</span> <span class='ocrx_word' id='word_1_407' title='bbox 1689 4279 1894 4350; x_wconf 83' lang='lat' dir='ltr'>Parriarcbae</span> <span class='ocrx_word' id='word_1_408' title='bbox 1919 4283 2019 4354; x_wconf 86' lang='lat' dir='ltr'>Prin·</span> 
     </span>
     <span class='ocr_line' id='line_1_54' title="bbox 379 4377 1932 4484; baseline -0.002 -25"><span class='ocrx_word' id='word_1_409' title='bbox 379 4386 470 4477; x_wconf 63' lang='lat' dir='ltr'>nnn</span> <span class='ocrx_word' id='word_1_410' title='bbox 496 4383 605 4458; x_wconf 67' lang='lat' dir='ltr'>nette</span> <span class='ocrx_word' id='word_1_411' title='bbox 631 4385 676 4456; x_wconf 73' lang='lat' dir='ltr'>tt</span> <span class='ocrx_word' id='word_1_412' title='bbox 700 4384 870 4484; x_wconf 74' lang='lat' dir='ltr'>Legaliat</span> <span class='ocrx_word' id='word_1_413' title='bbox 901 4403 996 4482; x_wconf 79' lang='lat' dir='ltr'>atquo</span> <span class='ocrx_word' id='word_1_414' title='bbox 1025 4381 1086 4472; x_wconf 79' lang='lat' dir='ltr'>illu</span> <span class='ocrx_word' id='word_1_415' title='bbox 1111 4384 1147 4462; x_wconf 87' lang='lat' dir='ltr'>in</span> <span class='ocrx_word' id='word_1_416' title='bbox 1255 4379 1355 4477; x_wconf 84' lang='lat' dir='ltr'>cipis,</span> <span class='ocrx_word' id='word_1_417' title='bbox 1383 4377 1466 4449; x_wconf 84' lang='lat' dir='ltr'>inter</span> <span class='ocrx_word' id='word_1_418' title='bbox 1491 4379 1605 4450; x_wconf 75' lang='lat' dir='ltr'>Fouda</span> <span class='ocrx_word' id='word_1_419' title='bbox 1630 4383 1932 4456; x_wconf 84' lang='lat' dir='ltr'>connumerabatur.</span> 
     </span>
     <span class='ocr_line' id='line_1_55' title="bbox 383 4481 1143 4578; baseline -0.008 -20"><span class='ocrx_word' id='word_1_420' title='bbox 383 4505 449 4558; x_wconf 80' lang='lat' dir='ltr'>tres</span> <span class='ocrx_word' id='word_1_421' title='bbox 467 4485 612 4578; x_wconf 81' lang='lat' dir='ltr'>solennes</span> <span class='ocrx_word' id='word_1_422' title='bbox 634 4481 747 4578; x_wconf 74' lang='lat' dir='ltr'>claffes&#39;</span> <span class='ocrx_word' id='word_1_423' title='bbox 765 4485 1018 4575; x_wconf 80' lang='lat' dir='ltr'>dividebantur,</span> <span class='ocrx_word' id='word_1_424' title='bbox 1050 4483 1143 4556; x_wconf 78' lang='lat' dir='ltr'>vide.</span> 
     </span>
     <span class='ocr_line' id='line_1_56' title="bbox 383 4580 2017 4679; baseline -0.001 -18"><span class='ocrx_word' id='word_1_425' title='bbox 383 4586 459 4661; x_wconf 84' lang='lat' dir='ltr'>licet</span> <span class='ocrx_word' id='word_1_426' title='bbox 482 4585 637 4679; x_wconf 87' lang='lat' dir='ltr'>Libera,</span> <span class='ocrx_word' id='word_1_427' title='bbox 660 4583 935 4674; x_wconf 81' lang='lat' dir='ltr'>Ministerialia,</span> <span class='ocrx_word' id='word_1_428' title='bbox 960 4585 1005 4654; x_wconf 69' lang='lat' dir='ltr'>ti·</span> <span class='ocrx_word' id='word_1_429' title='bbox 1029 4585 1152 4662; x_wconf 77' lang='lat' dir='ltr'>Huni..</span> <span class='ocrx_word' id='word_1_430' title='bbox 1257 4580 1455 4657; x_wconf 86' lang='lat' dir='ltr'>Feudorum</span> <span class='ocrx_word' id='word_1_431' title='bbox 1501 4598 1659 4654; x_wconf 87' lang='lat' dir='ltr'>ueterum</span> <span class='ocrx_word' id='word_1_432' title='bbox 1705 4605 1853 4656; x_wconf 79' lang='lat' dir='ltr'>moresa</span> <span class='ocrx_word' id='word_1_433' title='bbox 1905 4587 2017 4661; x_wconf 83' lang='lat' dir='ltr'>nostra</span> 
     </span>
     <span class='ocr_line' id='line_1_57' title="bbox 383 4680 2018 4790; baseline 0.001 -26"><span class='ocrx_word' id='word_1_434' title='bbox 383 4687 542 4764; x_wconf 86' lang='lat' dir='ltr'>tantiae.</span> <span class='ocrx_word' id='word_1_435' title='bbox 566 4688 716 4760; x_wconf 78' lang='lat' dir='ltr'>Priorum</span> <span class='ocrx_word' id='word_1_436' title='bbox 740 4684 962 4774; x_wconf 74' lang='lat' dir='ltr'>tnofltnran</span> <span class='ocrx_word' id='word_1_437' title='bbox 979 4685 1056 4758; x_wconf 82' lang='lat' dir='ltr'>dare</span> <span class='ocrx_word' id='word_1_438' title='bbox 1074 4711 1144 4764; x_wconf 86' lang='lat' dir='ltr'>con·</span> <span class='ocrx_word' id='word_1_439' title='bbox 1255 4683 1385 4783; x_wconf 85' lang='lat' dir='ltr'>quippe</span> <span class='ocrx_word' id='word_1_440' title='bbox 1424 4701 1583 4780; x_wconf 88' lang='lat' dir='ltr'>tempora</span> <span class='ocrx_word' id='word_1_441' title='bbox 1620 4680 1702 4758; x_wconf 79' lang='lat' dir='ltr'>aliis</span> <span class='ocrx_word' id='word_1_442' title='bbox 1727 4703 1897 4787; x_wconf 84' lang='lat' dir='ltr'>reguntur</span> <span class='ocrx_word' id='word_1_443' title='bbox 1927 4685 2018 4790; x_wconf 71' lang='lat' dir='ltr'>legin.</span> 
     </span>
    </p>
   </div>
   <div class='ocr_carea' id='block_1_13' title="bbox 377 4781 1675 5002">
    <p class='ocr_par' dir='ltr' id='par_1_13' title="bbox 377 4781 1675 5002">
     <span class='ocr_line' id='line_1_58' title="bbox 377 4781 1675 4888; baseline -0.005 -23"><span class='ocrx_word' id='word_1_444' title='bbox 377 4791 554 4888; x_wconf 61' lang='lat' dir='ltr'>flavam</span> <span class='ocrx_word' id='word_1_445' title='bbox 577 4787 786 4876; x_wconf 82' lang='lat' dir='ltr'>Patriarcbar</span> <span class='ocrx_word' id='word_1_446' title='bbox 811 4813 879 4859; x_wconf 86' lang='lat' dir='ltr'>cuns</span> <span class='ocrx_word' id='word_1_447' title='bbox 903 4813 965 4858; x_wconf 89' lang='lat' dir='ltr'>uno</span> <span class='ocrx_word' id='word_1_448' title='bbox 988 4809 1048 4860; x_wconf 82' lang='lat' dir='ltr'>arur</span> <span class='ocrx_word' id='word_1_449' title='bbox 1067 4787 1144 4884; x_wconf 84' lang='lat' dir='ltr'>plu·</span> <span class='ocrx_word' id='word_1_450' title='bbox 1256 4787 1340 4860; x_wconf 81' lang='lat' dir='ltr'>bus.</span> <span class='ocrx_word' id='word_1_451' title='bbox 1363 4782 1433 4859; x_wconf 81' lang='lat' dir='ltr'>Sed</span> <span class='ocrx_word' id='word_1_452' title='bbox 1457 4781 1545 4858; x_wconf 79' lang='lat' dir='ltr'>hate</span> <span class='ocrx_word' id='word_1_453' title='bbox 1566 4781 1675 4861; x_wconf 70' lang='lat' dir='ltr'>intit-</span> 
     </span>
     <span class='ocr_line' id='line_1_59' title="bbox 383 4887 1527 5002; baseline -0.01 -30"><span class='ocrx_word' id='word_1_454' title='bbox 383 4893 473 4971; x_wconf 77' lang='lat' dir='ltr'>ritas</span> <span class='ocrx_word' id='word_1_455' title='bbox 505 4891 671 5002; x_wconf 59' lang='lat' dir='ltr'>familis-5</span> <span class='ocrx_word' id='word_1_456' title='bbox 704 4887 972 4983; x_wconf 58' lang='lat' dir='ltr'>Minilrriulinrn</span> <span class='ocrx_word' id='word_1_457' title='bbox 995 4913 1066 4966; x_wconf 85' lang='lat' dir='ltr'>cnrn</span> <span class='ocrx_word' id='word_1_458' title='bbox 1088 4893 1144 4966; x_wconf 69' lang='lat' dir='ltr'>A·</span> <span class='ocrx_word' id='word_1_459' title='bbox 1522 4907 1527 4919; x_wconf 84' lang='grc'><strong><em>’</em></strong></span> 
     </span>
    </p>
   </div>
   <div class='ocr_carea' id='block_1_14' title="bbox 0 0 2304 6068">
    <p class='ocr_par' dir='ltr' id='par_1_14' title="bbox 0 0 2304 6068">
     <span class='ocr_line' id='line_1_60' title="bbox 0 0 2304 6068; baseline 0 0"><span class='ocrx_word' id='word_1_460' title='bbox 0 0 2304 6068; x_wconf 95' lang='lat' dir='ltr'> </span> 
     </span>
    </p>
   </div>
   <div class='ocr_carea' id='block_1_15' title="bbox 1308 4473 2178 4586">
    <p class='ocr_par' dir='ltr' id='par_1_15' title="bbox 1308 4473 2178 4586">
     <span class='ocr_line' id='line_1_61' title="bbox 1308 4473 2178 4586; baseline 0.008 -32"><span class='ocrx_word' id='word_1_461' title='bbox 1308 4478 1406 4554; x_wconf 82' lang='lat' dir='ltr'>Hinc</span> <span class='ocrx_word' id='word_1_462' title='bbox 1433 4480 1571 4570; x_wconf 86' lang='lat' dir='ltr'>iucem,</span> <span class='ocrx_word' id='word_1_463' title='bbox 1608 4496 1648 4552; x_wconf 90' lang='lat' dir='ltr'>ut</span> <span class='ocrx_word' id='word_1_464' title='bbox 1682 4473 1804 4579; x_wconf 78' lang='lat' dir='ltr'>spero,</span> <span class='ocrx_word' id='word_1_465' title='bbox 1839 4483 2020 4586; x_wconf 81' lang='lat' dir='ltr'>accipient</span> <span class='ocrx_word' id='word_1_466' title='bbox 2171 4559 2178 4576; x_wconf 76' lang='grc'>,</span> 
     </span>
    </p>
   </div>
  </div>
 </body>
</html>
