4570 6096
390 391 503 574 'egilie3
512 393 560 550 iu
587 474 657 552 suis
683 357 1175 571 vislffi-SNDZJAEZSK‘
1195 354 1430 560 AMliibDoi
1442 359 1675 674 &5¹8de
1689 366 1802 558 litiis
1828 379 2033 558 Serisrisiaist'

366 624 368 628 .
392 592 449 650 cet
475 577 690 654 Hincmarus
716 577 870 679 Epistolt
894 585 958 655 1v.
978 579 1149 656 scribens:

391 681 551 771 Comites,
579 683 623 750 Θ
649 681 790 772 Viturii,
826 683 882 752 vel
908 682 1004 756 etiam
1030 684 1154 768 Deeaui

385 779 530 877 plurimo
564 782 694 856 Plocito
728 783 942 871 constituunt.
978 787 1153 860 Attamen

389 877 451 954 hic
478 880 636 982 Scriptor
662 901 739 957 tum
766 884 868 977 heic,
895 904 972 959 tum
993 887 1074 960 loco
1101 885 1151 958 s·

389 1007 453 1080 pra
478 983 622 1058 laudato
650 986 843 1058 Vicuriorum
878 987 1024 1060 nomine
1050 985 1150 1088 ligni·

390 1079 496 1157 ficare
522 1084 664 1160 videtur
699 1086 791 1187 ipsos
828 1089 1054 1178 centenarios,
1090 1089 1153 1187 qui

388 1183 488 1256 vices
528 1185 687 1260 Comitis
731 1188 898 1288 gerebant
941 1190 980 1263 in
1021 1190 1153 1290 Pagis.

389 1283 498 1378 Quod
515 1285 587 1380 *ubi
613 1287 759 1382 statuas,
786 1290 838 1363 ita
864 1289 1093 1388 explicandae
1119 1315 1153 1366 e·

1269 582 1456 670 Goftoldius
1495 585 1598 678 uerit,
1625 585 1680 683 qui
1705 585 1817 680 Regi,
1852 586 1919 656 uel¹
1932 583 2034 657 Prin·

1268 683 1332 780 cipi
1358 683 1493 776 inseruit
1519 685 1553 756 io
1579 687 1727 759 curandis
1752 685 1949 781 hospitibus.
1974 691 2033 758 ote

1267 783 1447 878 huiusmodi
1469 788 1599 884 propria
1624 787 1667 874 eli
1684 781 1905 884 fignificmio:
1939 807 1976 858 ut
2001 791 2030 858 i·

1267 889 1339 958 dem
1358 888 1462 978 suerit
1486 917 1523 961 ac
1547 889 1800 962 Archittioiious
1824 889 1877 958 vel
1902 897 2033 960 Oecono-

1267 1014 1357 1076 mus,
1397 989 1441 1058 θ
1476 989 1512 1060 in
1538 991 1671 1062 Palatio
1696 988 1907 1062 Occidentalis
1931 994 2032 1084 impe·

1266 1089 1401 1180 tatoris,
1421 1087 1496 1184 jum
1522 1093 1564 1164 ob
1588 1091 1719 1162 Othonis
1737 1089 1861 1186 Magni
1886 1089 2033 1186 tempori·

1265 1192 1345 1280 bus,
1371 1190 1539 1287 Dopifer;
1558 1195 1657 1266 Haec
1683 1189 1807 1264 omnia
1832 1191 1935 1263 nullo
1953 1189 2033 1264 sun·

1264 1289 1432 1366 damento
1444 1291 1601 1370 constant
1612 1348 1624 1384 ,
1634 1292 1747 1366 immo
1762 1289 1885 1390 sponte
1898 1307 2034 1380 ruunt,

388 1401 474 1460 runt
499 1391 612 1488 Leges
639 1388 739 1490 supra
775 1409 1014 1485 memoratae,
1051 1419 1153 1494 agen·
1191 1397 1219 1467 B
1264 1393 1399 1466 collata
1429 1419 1510 1467 cum
1536 1394 1693 1494 Legibus
1724 1391 1824 1492 supra
1860 1417 2034 1466 memora·
2107 1482 2109 1488 Α

387 1501 443 1560 tes
468 1489 508 1559 de
535 1491 673 1562 Vicoriis
690 1494 725 1564 8(
745 1495 968 1584 Centenariis,
995 1511 1036 1567 ut
1061 1492 1153 1568 illud

388 1593 440 1660 Et
464 1589 547 1663 loeo
572 1599 648 1664 Aut
674 1592 875 1694 usurpatum
896 1593 1025 1668 fuerit:
1055 1597 1153 1693 cujus

385 1689 440 1792 rei
466 1694 629 1792 exempla
655 1693 744 1768 alibi
765 1697 945 1794 complura
964 1695 1152 1771 habemus.

439 1791 559 1865 Venio
594 1793 638 1866 ad
674 1797 882 1886 Gallaidios,
919 1823 1008 1896 quos
1043 1798 1151 1871 etiam

386 1889 568 1978 Cofloldios
603 1893 660 1969 seu
696 1896 937 1988 Gostaldiones,
973 1897 1151 1976 interdum

385 2008 524 2064 veteres
551 1999 792 2094 appellarunt.
820 1999 937 2091 Quale
963 1995 1071 2071 fuerit
1091 1995 1152 2072 sub

384 2091 632 2194 Langobardis
660 2096 814 2197 Regibus
840 2123 963 2172 eorum
999 2125 1152 2192 munus,
1181 2165 1182 2168 ,

385 2191 559 2268 Imeullo
586 2198 731 2297 negotio
758 2225 801 2272 ex
823 2197 902 2296 ipfis
922 2200 1078 2301 Legibus
1097 2200 1150 2276 in·

1265 1492 1333 1568 tis.
1372 1497 1498 1594 Neque
1533 1494 1616 1570 iude
1651 1493 1809 1570 nominis
1843 1495 2034 1588 Etymolo·

1264 1593 1323 1695 gia
1347 1593 1549 1670 deducenda
1571 1597 1639 1690 est,
1658 1595 1749 1670 unde
1775 1595 2032 1692 spelmannus,

1244 1697 1545 1790 amrmemus,
1580 1697 1738 1772 &idem
1774 1693 1915 1770 Voffius
1949 1722 2032 1770 cen·

1265 1795 1433 1898 suerunt;
1467 1797 1526 1872 sed
1564 1802 1684 1900 potius
1709 1794 1731 1870 l
1753 1797 1928 1896 gestella,
1963 1795 2033 1870 hoc
2123 1846 2125 1850 -

1263 1898 1309 1971 est
1339 1920 1551 1994 praeponere,
1585 1901 1789 1990 constituere,
1826 1917 1867 1972 ut
1904 1901 2032 1970 Eccar·

1262 1997 1325 2072 dus
1370 1999 1539 2098 opinatur
1573 1999 1612 2074 in
1655 1998 1763 2076 Notis
1810 1997 1853 2070 ad
1894 1999 2032 2096 Legem

1263 2099 1449 2175 Salicem.
1489 2099 1621 2176 Adhuc
1661 2119 1781 2174 autem
1821 2097 1861 2170 in
1902 2098 2035 2196 aliqui·

1264 2201 1328 2274 bus
1367 2199 1492 2276 Italiae
1525 2201 1615 2276 locis
1651 2203 1686 2275 δι
1722 2216 1853 2274 nornen
1884 2198 1920 2271 8<
1956 2224 2034 2274 mu·

383 2293 604 2396 telligimus.
632 2299 778 2374 Scilicet
803 2299 994 2395 Ministri,
1021 2305 1150 2377 Procu·
1195 2299 1225 2368 C
1265 2328 1329 2376 nus
1356 2301 1452 2376 idem
1478 2303 1714 2390 Galloldiorum
1741 2302 1861 2402 viget,
1897 2325 1969 2372 non
1997 2325 2035 2374 a·

384 2413 542 2487 ratores,
577 2399 613 2473 bt
649 2403 849 2477 Oeconomi
887 2402 994 2504 Regis
1033 2401 1150 2498 fuere,

384 2497 555 2598 praefebli
582 2527 704 2576 eorum
740 2504 912 2578 Cursibus
948 2503 1036 2590 ssve⁴
1056 2533 1147 2602 prae·

293 2639 301 2644 ·
384 2599 478 2688 diis,
505 2599 637 2694 Silvis,
664 2605 699 2674 ἃ
727 2601 813 2674 aliis
829 2603 1062 2701 patrimonii,
1090 2624 1150 2678 aut

383 2697 480 2772 Fisci
522 2699 626 2800 Regii
666 2700 868 2775 reditibus.
908 2703 1149 2798 Liutprandus

383 2803 464 2874 Rex
491 2799 529 2874 in
557 2806 654 2902 Lege
681 2805 744 2874 VI.
771 2803 855 2884 Lib.
883 2805 947 2875 Vl.
974 2801 1061 2875 baec
1090 2802 1147 2876 ha·

382 2901 468 2975 bet:
495 2907 526 2974 5
524 2903 536 2970 i
560 2905 632 2999 quis
657 2903 844 2990 Galialdius
868 2925 927 2976 out
951 2901 1057 2976 Ailou
1082 2911 1145 2977 Re·

379 3003 437 3099 gis
463 3001 477 3098 (
491 3001 598 3075 oretur
622 3003 776 3076 Publicus
801 3001 849 3078 est
874 3002 913 3079 in
940 3003 1077 3080 Codice
1103 3009 1148 3078 E·

1265 2403 1334 2502 pud
1363 2401 1572 2502 Principes,
1606 2403 1663 2476 sed
1690 2401 1781 2502 apud
1818 2403 2033 2498 Magnates,

1263 2504 1325 2600 qui
1351 2507 1577 2575 Oeconomos
1603 2501 1673 2576 suis
1711 2501 1862 2600 praediis
1899 2498 2032 2598 praefe-

1263 2603 1339 2676 etos
1364 2604 1544 2700 appellant
1569 2603 1767 2691 Callaicis&
1789 2599 1957 2686 Gallaldi.
1975 2599 2033 2676 Hi

1263 2704 1282 2774 l
1301 2699 1586 2790 Mutinensibus,
1602 2701 1750 2802 aliisque
1773 2701 1918 2800 Populis
1936 2728 2032 2776 nune

1263 2803 1396 2874 Futoeri
1422 2822 1692 2902 nuncupantur.
1730 2807 1772 2878 In
1807 2798 1932 2876 multis
1961 2805 2034 2876 Ro·

1265 2902 1374 2976 charis
1402 2905 1564 3004 Legibus
1585 2907 1696 2976 Curtio
1731 2906 1855 3002 Regiae
1893 2903 2037 2978 mentio

1264 3004 1471 3095 occurrit,
1515 3021 1555 3078 ut
1612 3005 1654 3080 in
1706 3008 1842 3082 CLIII.
1898 3007 2033 3080 cmx.

383 3101 509 3194 stenfi,
536 3103 631 3202 quod
657 3104 753 3180 idem
779 3103 989 3206 fignificat)
1023 3111 1151 3180 Curoem
1263 3109 1378 3182 CLII.
1413 3105 1482 3180 &o
1517 3133 1630 3205 eoque
1666 3108 1813 3182 nomine
1851 3107 2032 3182 Palatium

383 3203 525 3302 Regium
549 3207 667 3280 babens
691 3211 738 3281 od
757 3210 1023 3306 gubernandum,
1052 3210 1153 3280 &ex
1196 3201 1228 3268 D
1268 3207 1446 3308 Regium,
1481 3207 1517 3280 ἃ
1554 3211 1674 3284 Fiscus
1711 3210 1842 3310 Regius
1877 3207 2030 3307 designa·

383 3304 455 3404 ipso
486 3309 585 3380 Corte
619 3309 720 3382 alicui
746 3309 819 3398 sine
847 3307 983 3406 juffioue
1022 3311 1150 3408 Regis,

385 3408 490 3500 tusum
524 3411 730 3498 tributariam
754 3413 813 3484 uel
836 3431 975 3502 terrum,
1003 3411 1149 3502 silveta,

383 3509 443 3582 vti
470 3531 569 3607 pratu
601 3514 697 3608 ausus
722 3513 825 3605 fuerit
858 3517 976 3586 donare
1010 3516 1080 3586 θα.
1116 3513 1150 3583 iu

382 3612 519 3710 duplum
544 3635 731 3709 componat.
768 3613 871 3686 Paria
897 3611 1009 3686 discas
1035 3616 1054 3684 e
1081 3617 1146 3686 Le·

384 3737 429 3812 ge
464 3715 774 3790 cccnxxvm.
812 3711 979 3785 Rotharis
1016 3713 1150 3813 Regis,

384 3813 485 3909 cujus
512 3810 597 3886 haec
623 3813 706 3886 sunt
733 3813 862 3884 verba:
900 3813 941 3883 Si
977 3817 1049 3910 quis
1084 3819 1149 3887 Ga·

1266 3325 1346 3402 tur,
1366 3308 1421 3384 uti
1441 3308 1536 3383 teile
1563 3311 1815 3385 animadvertit
1836 3309 2033 3384 tou-cean-

1266 3409 1344 3508 gius
1372 3411 1411 3482 in
1437 3411 1616 3484 GlolIario
1642 3411 1800 3486 Latino.
1834 3407 1954 3508 Atqui
1989 3408 2035 3486 in

1266 3508 1418 3610 ejusdem
1447 3509 1553 3610 Regis
1580 3513 1677 3608 Lege
1703 3511 1889 3586 ccxxu.
1924 3507 2032 3584 ilatu-

1264 3628 1341 3684 tum
1368 3607 1514 3698 videas,
1541 3628 1581 3684 ut
1607 3609 1748 3708 quoties
1775 3609 2028 3712 consanguinei

1265 3709 1463 3786 vindiblam
1490 3737 1562 3786 non
1590 3709 1727 3786 sumant
1754 3711 1796 3787 de
1822 3711 1957 3788 femina
1981 3711 2030 3788 li·

1265 3814 1345 3886 bera
1373 3813 1525 3887 nubente
1551 3815 1685 3901 Servo,
1721 3835 1796 3887 tuuc
1828 3815 1924 3887 liceat
1959 3819 2030 3887 Ga.

380 3909 543 4002 floridius,
571 3933 630 3984 aut
654 3913 804 4010 quislibet
820 3912 926 3986 Atto
943 3916 1068 4011 Regis,
1085 3918 1153 4012 poll
1256 3913 1378 4002 sioldio
1402 3914 1526 4010 Regis,
1551 3935 1610 3986 aut
1633 3915 1772 4006 ostiosi,
1808 3937 1867 3990 out
1890 3917 2027 3988 Sculdu-

379 4009 541 4108 sufeeptus
566 4015 613 4085 θ
635 4011 806 4110 comouffos
824 4013 890 4100 fibi
914 4017 960 4088 od
971 4018 1150 4114 gubernatu·
1255 4015 1341 4107 scis,
1369 4015 1468 4111 ipsam
1494 4015 1531 4085 in
1555 4019 1685 4088 Cortum
1708 4018 1811 4114 Regis
1828 4018 1961 4108 ducere,
1982 4016 2031 4087 Θ·

387 4113 468 4184 duos
491 4119 626 4209 Curres,
653 4139 713 4190 out
737 4117 824 4210 cosor
849 4117 1003 4216 Regios,
1026 4118 1155 4216 aliquid
1196 4098 1225 4167 F-
1263 4115 1350 4189 iutro
1372 4115 1508 4214 peostles
1532 4117 1669 4191 ancilias
1694 4119 1900 4204 constituere.
1924 4116 2026 4192 Hinc

383 4217 670 4311 perdonationem
706 4222 748 4294 ab
784 4218 850 4292 aiio
884 4244 1071 4318 meorumque
1098 4219 1152 4311 fo·

389 4312 474 4388 etam
499 4320 718 4418 conquisierit,
746 4319 795 4406 fis
821 4321 874 4392 ilii
892 4320 1035 4413 flabile,
1070 4319 1154 4396 dum

389 4417 533 4494 accedat
560 4418 667 4523 Regis
694 4421 840 4496 scientia
875 4423 911 4496 δι
947 4420 1155 4497 consensus.

386 4519 445 4593 Ita
470 4523 506 4594 δι
532 4521 571 4596 in
598 4528 695 4623 Lege
721 4525 891 4598 Lxxm.
918 4521 1087 4599 Lutharii
1122 4528 1151 4598 1.

388 4623 593 4696 Concedimus
614 4625 793 4711 Gallaldiis
817 4623 949 4714 uollrir,
968 4632 1081 4698 Curres
1099 4653 1152 4696 no·

378 4721 468 4813 strar
483 4727 729 4823 prouidentibus
747 4728 816 4797 tte.
836 4724 978 4819 Quibus
1004 4751 1049 4800 ex
1075 4751 1151 4800 ver·
1178 4771 1185 4860 p

388 4827 443 4900 bis
469 4829 606 4919 elucet,
643 4825 729 4928 quid
764 4825 855 4903 olim
892 4852 993 4901 curae
1019 4827 1153 4900 Gastal·

385 4927 528 5005 diorum
555 4927 883 5022 commendaretur,
909 4945 950 5004 ut
970 4947 1152 5032 propterea

388 5031 545 5113 alsentiri
580 5029 704 5111 Voffio
739 5057 945 5135 nequeam,
984 5029 1152 5112 scribenti

1263 4216 1393 4307 habes,
1429 4243 1502 4291 uon
1528 4217 1705 4292 modicam
1741 4217 1929 4294 Gallsldiis
1964 4244 2027 4292 au·

1263 4319 1467 4392 lloritatem
1493 4319 1662 4394 traditam
1697 4317 1867 4420 fimulque
1907 4316 2026 4394 Fissa-

1239 4484 1244 4507 ,
1263 4423 1353 4496 lium
1369 4445 1483 4495 rerum
1504 4421 1659 4522 aliquam
1676 4448 1795 4496 curam
1809 4419 1910 4496 fuisse
1929 4439 2029 4498 coma

1266 4522 1423 4596 missam.
1451 4524 1516 4598 Sed
1543 4549 1665 4624 parum
1692 4522 2027 4616 bocfuit.1use=

1264 4625 1353 4699 tiam
1379 4621 1564 4716 dicebant,
1599 4627 1635 4698 dc
1671 4625 1753 4699 lites
1769 4627 1910 4726 *Populi
1936 4622 2026 4698 disin·

1263 4727 1429 4800 mebant.
1464 4729 1614 4800 Elucere
1646 4725 1684 4800 id
1710 4725 1854 4802 videtur
1877 4729 1902 4801 b
1923 4723 2027 4824 supra

1263 4826 1403 4902 laudata
1441 4825 1586 4927 Pippiui
1621 4827 1729 4929 Regis
1767 4827 1893 4904 Italiae
1928 4827 2029 4925 Lege

1263 4931 1366 5002 VIII.
1401 4927 1463 5002 ubi
1500 4930 1655 5030 Populus
1690 4928 1860 5031 justitiam
1898 4925 2027 5000 babere

1263 5031 1405 5132 jubetur
1430 5051 1497 5106 tom
1521 5035 1544 5106 d
1569 5031 1745 5108 comitibus
1762 5029 1856 5128 suis,
1882 5031 1975 5146 quum
1993 5054 2028 5120 οιΙ

1894 5150 1978 5204 eron
