4570 6096
325 378 384 484 ῃ
681 367 1196 459 arrarnraruo
1253 367 1489 458 nourr.
1793 379 1849 486 ,a

267 487 443 587 Epistolae
469 485 550 564 suae
583 486 814 564 indicabant:
853 487 968 584 Mifflre
1002 518 1033 562 e·

268 588 352 660 tiam
376 591 457 662 tales
487 613 548 688 per
572 599 722 688 Regnum
745 591 942 681 constituite,
978 593 1035 689 qui

264 687 394 782 sciant,
420 695 559 788 qualiter
583 694 722 765 Comites
747 695 791 764 Θ·
816 695 909 764 reteri
926 694 1031 765 Mini-

262 789 328 877 Jlri
339 790 503 886 justitiam
522 795 567 865 Θ·
581 793 738 886 judicium
752 797 872 893 Populo
884 793 1037 886 saciant:

270 893 328 988 q'ui
355 893 441 978 sieut
468 895 652 980 ¹le'omitibut
681 916 944 994 praeponuntur,
988 898 1036 972 ita

263 994 405 1086 selemil
418 1049 429 1085 ,
444 994 576 1089 jaflirit
592 1025 630 1070 ac
653 999 790 1070 ueritate
814 1005 861 1070 eie
883 999 1033 1094 praeemi-

270 1117 388 1168 neant.
413 1099 469 1168 En
488 1117 619 1195 quanta
639 1098 827 1200 Regalium
846 1101 1035 1176 Miffoeum

273 1195 428 1295 dignitas
454 1200 496 1271 br·
517 1199 710 1276 rubloritaa
744 1200 863 1276 foret.
900 1203 1034 1278 Praeci-

271 1321 381 1398 puum
408 1305 493 1374 verb
520 1299 720 1402 hujusmodi
742 1304 931 1380 Millbrum
959 1331 1032 1379 mu·

271 1425 337 1472 nus
364 1398 434 1476 luit
459 1428 601 1498 operam
629 1403 739 1496 dare,
764 1426 802 1477 ue
827 1407 1038 1492 Ecclesiamrn
1073 1403 1103 1476 B

271 1500 338 1574 Dei
369 1500 535 1596 justitior,
569 1506 743 1578 viduarum
776 1533 899 1606 quoqne
920 1511 964 1580 O·
989 1534 1034 1580 or·

268 1603 472 1699 phanonem,
504 1605 564 1698 sed
597 1608 640 1678 Φ·
675 1627 839 1680 eeterorum
879 1611 1040 1683 bominum

272 1703 470 1798 inquirerem
494 1708 540 1778 Θ
562 1707 770 1804 perficerent,
803 1709 849 1782 θ
873 1715 1035 1809 quodcum·

185 1819 187 1824 '
274 1825 336 1900 qne
359 1811 590 1878 emendandum
615 1806 713 1902 effer,
747 1813 913 1886 emendare
928 1813 1035 1900 slade-

274 1924 373 1995 rent,
409 1908 446 1976 in
478 1931 634 2003 quantum
667 1913 779 1982 melius
810 1913 963 2009 pollent:
993 1917 1037 1987 0

273 2013 356 2104 qood
381 2021 546 2080 emenaarr
576 2026 636 2106 per
659 2011 700 2102 se
729 2013 966 2111 nequierillint,
1002 2019 1039 2090 ire

269 2107 451 2203 priesentia
487 2113 688 2206 imperatoris
722 2117 843 2188 adduci
868 2118 1036 2207 facerent.

273 2211 373 2282 Haec
400 2209 619 2285 flodoardus
643 2213 729 2286 Lib.
753 2239 790 2288 2.
815 2217 951 2292 Histoe·
970 2225 1034 2294 Re·

1133 568 1141 578 ,
1194 490 1250 564 De
1275 493 1414 562 Moneta
1445 511 1611 587 quoque,
1643 483 1717 562 live
1739 486 1785 564 de
1807 495 1910 561 Pero·

1142 589 1221 681 nia,
1256 617 1300 664 atr
1327 589 1462 666 alicubi
1495 587 1580 664 falsa
1614 587 1654 664 iu
1689 587 1910 666 commercio

1143 691 1388 768 adhiberetur:
1413 692 1458 766 de
1480 692 1675 764 Latronibus
1694 690 1909 790 puniendis,

1143 791 1185 866 de
1207 793 1411 890 privatorum
1435 790 1697 884 simultatibus,
1734 791 1780 868 de
1812 792 1908 892 inju-

1142 894 1202 970 stis
1227 895 1443 993 Velligalibus
1467 895 1505 967 δι
1530 893 1669 996 iniquis
1697 894 1909 987 Consuetudia

1142 997 1260 1088 nilus,
1284 1023 1328 1071 ac
1350 996 1498 1070 Trilntie
1522 1021 1633 1094 nuper
1657 992 1850 1086 institutis,
1870 1022 1910 1070 a·

1142 1096 1275 1198 liisque
1296 1096 1499 1198 hujusmodi
1521 1097 1751 1197 Reipublicae
1770 1095 1910 1171 incom-

1143 1199 1262 1275 modis
1293 1202 1314 1276 ὲ
1349 1199 1478 1275 medio
1505 1197 1700 1292 tollendis,
1731 1213 1839 1296 atque
1872 1223 1911 1272 e·

1142 1300 1374 1394 mendandis,
1405 1301 1601 1400 multiplex
1625 1300 1680 1376 eir
1705 1325 1787 1374 eura
1812 1295 1911 1372 futu·

1141 1430 1180 1478 ra
1205 1420 1308 1478 erat.
1330 1403 1439 1498 Quod
1467 1408 1554 1478 verb
1573 1423 1634 1500 per
1655 1400 1691 1498 [e
1709 1399 1821 1494 perere
1846 1425 1913 1472 non

1144 1501 1294 1601 pollione,
1318 1507 1408 1580 nobie
1432 1525 1540 1578 notum
1559 1503 1711 1596 saciant,
1738 1501 1855 1602 ajebat
1880 1499 1913 1574 i·

1109 1671 1111 1675 ,
1146 1605 1228 1680 dem
1254 1605 1461 1682 Ludovirus
1488 1605 1598 1695 Pius,
1638 1605 1736 1702 cajus
1773 1600 1914 1678 monita

1147 1704 1218 1779 live
1235 1705 1520 1781 constitutiones
1544 1706 1587 1780 ad
1611 1705 1740 1780 Minos
1765 1703 1809 1776 ab
1833 1701 1913 1788 iaso

1147 1805 1281 1882 eleblos
1320 1806 1490 1884 habemus
1528 1807 1567 1880 in
1602 1809 1701 1906 Lege
1741 1807 1913 1880 llllllVI.

1149 1907 1374 2009 langobard.
1406 1909 1442 1983 ἃ
1478 1907 1640 2010 pluribus
1677 1901 1762 1982 eliis
1799 1903 1915 1978 subse·

1146 2009 1359 2110 quentibus.
1392 2009 1459 2085 Sed
1494 2007 1714 2111 potiffitnum
1747 2006 1786 2082 in
1820 2005 1915 2082 banc

1146 2137 1220 2185 rem
1247 2111 1416 2212 legenda,
1442 2137 1534 2210 quae
1557 2109 1603 2184 de
1626 2108 1705 2210 ipso
1730 2107 1914 2208 Augusto,

1146 2211 1292 2312 ejusque
1313 2210 1433 2287 Miffis
1453 2211 1560 2288 refert
1577 2209 1767 2287 Ermoldus
1786 2208 1915 2310 Nigel·

271 2306 400 2382 menfis
433 2311 524 2409 Cap.
553 2318 612 2388 18.
644 2313 788 2410 Quibus
819 2315 1039 2414 consonant,
1076 2333 1109 2404 c
1146 2315 1204 2388 lus
1228 2313 1269 2389 in
1293 2313 1467 2388 Carmine
1499 2314 1545 2388 de
1571 2315 1660 2386 Reb.
1682 2311 1765 2410 gell.
1789 2310 1913 2388 Ludo·

270 2435 362 2508 quae
396 2410 604 2488 Ludorirua
631 2417 682 2488 11.
704 2416 886 2517 Augulluc
915 2417 1037 2496 statuit
1070 2447 1072 2453 ’

271 2511 311 2586 in
330 2512 533 2612 Capitulari
553 2513 760 2610 Ticinensr,
784 2521 882 2618 quod
899 2521 1035 2596 editum
1069 2536 1072 2548 '

270 2611 380 2688 babes
403 2618 499 2688 Part.
526 2621 572 2688 ll.
599 2618 713 2692 Tomi
740 2623 772 2694 Ι.
796 2623 927 2696 Rerum
964 2627 1032 2698 lta·

271 2715 373 2790 licat.
397 2741 476 2816 pag.
505 2741 587 2817 159.
615 2719 676 2794 ubi
703 2720 792 2796 haec
815 2723 937 2799 Minis
963 2724 1034 2800 five
1067 2763 1071 2780 ¹·

269 2818 418 2918 Legatis
455 2819 579 2916 Regiis
613 2819 772 2897 faciendo
799 2823 1032 2902 indicunturc

270 2919 482 3005 Eeelefiarum
506 2922 573 2993 Dei
592 2921 725 3014 iustitia
756 2927 938 3023 inquiratur
964 2929 1037 3004 tue.
1069 2987 1072 2996 ,

269 3021 472 3118 Popillorom
497 3023 545 3094 d*
570 3024 749 3098 Viduarum
781 3029 877 3121 cansa
902 3029 1032 3118 invelli-

267 3142 367 3218 getar
388 3124 459 3197 &a
485 3124 598 3194 Totius
623 3128 745 3220 Populi
766 3130 963 3224 querimonia
979 3157 1037 3226 ge·

1147 2413 1222 2490 vici
1242 2415 1398 2516 ejusdem
1423 2415 1445 2488 b
1470 2439 1531 2490 me
1552 2413 1654 2488 edito
1671 2417 1769 2488 Part.
1784 2415 1820 2486 ll
1835 2413 1914 2486 To·

1149 2515 1203 2591 mi
1229 2519 1280 2589 ll.
1305 2521 1388 2591 Rer.
1413 2515 1572 2590 Italicae.
1595 2512 1658 2588 ubi
1683 2529 1819 2610 quanto
1844 2511 1913 2588 llu-

1148 2615 1212 2690 dio
1235 2615 1374 2690 suntme
1398 2617 1479 2716 pius
1501 2613 1679 2716 Augullua
1698 2612 1912 2688 felicitatem

1149 2717 1291 2816 Populi·
1304 2715 1359 2791 sui
1385 2736 1612 2818 prucorum,
1645 2718 1681 2790 bt
1708 2733 1840 2813 quanta
1866 2715 1916 2789 ab
2046 2757 2050 2763 ·

1147 2815 1230 2918 ipsis
1247 2817 1371 2894 Miffis
1397 2819 1464 2894 ille
1486 2819 1670 2938 exigeret,
1691 2817 1819 2892 maltis
1835 2841 1913 2935 uer·

1147 2917 1569 3124 imitabili
1591 2921 1916 3104 bilbilis&

1147 3141 1232 3199 runt
1257 3121 1430 3222 eiusmodi
1456 3123 1611 3226 Legati,
1635 3121 1695 3200 sed
1718 3124 1754 3196 u
1780 3123 1819 3198 in
1846 3126 1911 3194 Ec·-
2004 3187 2007 3192 .

272 3223 429 3295 neralr'rer
458 3225 612 3296 audiatur
650 3227 722 3296 &r⁶
744 3235 860 3298 Pontes
894 3257 1039 3326 quoque
1077 3242 1111 3310 D
1149 3223 1439 3300 tlefiallicotum.
1463 3225 1650 3302 Nimirum
1674 3223 1794 3300 sedulo
1813 3223 1914 3298 inve·

272 3323 424 3426 publico
448 3321 525 3398 usui
561 3323 768 3400 necellarioe
801 3326 1040 3402 restaurandos
1070 3401 1074 3414 ,

271 3425 441 3500 retrabant
454 3449 496 3500 en
515 3428 609 3524 Lege
626 3427 853 3526 Langobard.
868 3433 1036 3504 xxxvl.

270 3525 453 3602 Ludovici
489 3526 578 3628 Pii3
604 3529 718 3602 uti&
747 3529 857 3628 Regia
880 3531 1036 3623 Palatia,
1069 3551 1074 3586 ’-

271 3627 400 3726 quibua
417 3627 580 3704 decenter
599 3627 750 3730 Augulli
760 3685 771 3718 ,
798 3629 1035 3728 quotiescum·

272 3755 342 3828 qne
364 3757 453 3831 apua
479 3727 598 3820 foret,
621 3730 884 3830 reciperentur.
915 3735 1035 3807 Malos

270 3847 391 3904 artem
414 3833 599 3922 scabinos,
633 3831 883 3936 int-probosque
900 3835 1037 3926 Judices
1071 3831 1074 3838 ’

267 3929 423 4033 dejicere
448 3933 683 4032 jubebantur,
715 3935 750 4006 u
779 3935 893 4008 bonos
918 3933 1034 4010 sublii·
1070 3957 1073 3966 ’

269 4051 391 4107 tuere.
414 4035 524 4130 Quod
549 4033 575 4107 st
600 4033 704 4134 quis,
729 4031 783 4108 eia
808 4035 1036 4136 urgentibus,

1150 3323 1353 3422 ligabant,
1387 3351 1475 3400 num
1500 3326 1565 3402 suo
1588 3325 1726 3400 muneri
1762 3324 1918 3398 deeffent

1151 3423 1363 3520 Episcopi&
1387 3429 1569 3514 Albaue,-
1589 3451 1676 3500 num
1701 3424 1823 3524 aliqud
1845 3425 1916 3499 im·

1151 3523 1317 3622 potentii
1338 3551 1482 3626 gregem
1507 3523 1609 3600 suum
1642 3543 1834 3626 regerent3
1870 3551 1918 3598 an

1151 3623 1338 3726 quisquam
1365 3629 1388 3700 ὲ
1412 3625 1518 3700 lactis
1543 3624 1633 3700 viris
1659 3624 1918 3718 xenodochia,

1151 3725 1394 3818 Monalleria,
1419 3726 1540 3801 Aedes
1564 3725 1700 3818 sacras,
1731 3727 1766 3800 er
1792 3729 1919 3800 Eccle-

1151 3826 1276 3902 fiarum
1304 3828 1397 3902 bona
1423 3827 1666 3930 dilapidaret,
1688 3845 1750 3902 aut
1776 3827 1818 3903 in
1842 3853 1918 3901 em.

1152 3927 1352 4032 pbyteulim
1385 3927 1515 4030 inique
1544 3929 1777 4004 concederet.
1815 3933 1916 4006 Num

1151 4032 1330 4122 Canoni'ei,
1346 4029 1395 4106 iis
1412 4030 1636 4131 temporibus
1649 4029 1806 4106 inllituti
1815 4083 1827 4121 ‚
1848 4035 1920 4104 Re.

269 4133 443 4237 justitiam
467 4135 583 4210 faeere
605 4134 807 4229 recusabat,
828 4137 869 4211 in
887 4137 963 4238 ejus
981 4165 1033 4213 ae·
1080 4145 1109 4217 E
1153 4134 1272 4232 gulam
1291 4131 1559 4206 Canonicorum
1577 4132 1650 4207 rite
1667 4129 1919 4224 observarent,

270 4235 378 4310 dibus
408 4237 656 4327 enubilabant,
693 4239 728 4312 ἃ
754 4265 801 4312 ex
826 4241 904 4338 ejus
928 4237 1034 4316 lacul-

269 4337 409 4412 tatibus
431 4337 571 4414 riflum
605 4339 672 4413 fibi
707 4339 902 4440 parabant.
935 4345 1032 4416 Prae·

269 4447 366 4512 terea
391 4437 521 4515 salubri
548 4439 702 4516 conlilirr
723 4441 931 4516 Ludovicua
953 4445 1036 4518 Pius
1071 4445 1074 4452 ’

269 4539 458 4616 constituit
480 4543 521 4616 in
551 4545 655 4642 lnge
675 4546 724 4617 L..
748 4544 978 4644 langobard..
1002 4567 1040 4616 ne
1072 4577 1073 4582 ¹

268 4641 304 4714 in
332 4643 426 4713 illiue
447 4643 584 4715 Comitis
605 4643 802 4735 ministerio,
818 4645 879 4742 qui
892 4649 969 4718 bene
982 4643 1034 4738 ju·

264 4743 378 4831 Jlitiat
397 4743 646 4837 sartoriam,
673 4745 773 4840 Miffi
794 4746 895 4833 nostri
914 4747 1040 4819 diutius

271 4873 332 4916 non
368 4867 559 4934 morentur;
582 4847 646 4940 sed
677 4847 726 4920 ibi
758 4873 864 4920 morae·
893 4848 1037 4940 iaciant,

269 4949 328 5020 ubi
350 4946 499 5048 justitiae
521 4947 581 5020 vel
603 4949 709 5022 minue
724 4947 820 5042 ,uel
843 4949 1039 5050 negligenter
1071 5011 1074 5016 .

267 5047 374 5138 sallas
398 5049 605 5126 invenerint.

1107 4277 1108 4280 ¹
1152 4235 1189 4308 δι
1215 4259 1290 4309 uno
1313 4232 1381 4308 lub
1402 4231 1503 4352 teiln
1524 4229 1652 4352 incluli
1675 4233 1793 4308 uitam
1821 4260 1920 4308 com·

1131 4333 1924 4528 ‘rt¹²truut¹¹mub¹¹f’tutu

1151 4563 1298 4638 quoque
1314 4539 1545 4612 Menotharum
1567 4541 1617 4611 Θ·
1636 4539 1846 4632 Puellarum,
1874 4539 1924 4612 Θ·

1150 4641 1348 4714 Seneelorlia
1367 4641 1582 4733 eireurmant,
1602 4640 1638 4728 st
1660 4643 1750 4714 unde
1779 4641 1921 4717 admini-

1146 4741 1317 4834 litentur,
1345 4742 1460 4816 delira
1489 4742 1640 4840 obsequie
1668 4743 1844 4832 baleam,
1875 4741 1922 4812 θ

1150 4845 1343 4917 comoediter
1361 4855 1503 4942 degant,
1530 4843 1723 4943 inquirente
1746 4840 1921 4937 Quidquid

1151 4946 1374 5020 inordinatum
1404 4947 1597 5043 repererint,
1631 4946 1827 5040 regulariter
1854 4967 1920 5014 cor.

1150 5051 1293 5147 rigent:
1327 5047 1383 5124 ita
1406 5051 1522 5124 Anno
1544 5049 1768 5122 DCCCLV.
1792 5041 1921 5124 ronlli·

1244 5153 1283 5226 C
1331 5175 1354 5224 a
1742 5143 1871 5224 turbat
