4566 6062
498 323 586 434 περ
795 325 1727 449 nnrroorrmanrrnnur
1927 367 2015 457 490

437 437 712 515 meliorentur&
738 471 798 516 non
821 447 1003 545 pejorentur
1025 456 1119 550 usque
1143 455 1201 528 ad·
1243 461 1275 531 A
1363 455 1469 549 Signa
1503 459 1547 546 ᾖ
1567 462 1609 549 s1n
1629 464 1674 548 ᾧ
1700 483 1849 532 manuum
1874 461 2071 552 Bonivsrti,

440 541 642 616 venientibus
666 548 811 618 continuo
835 553 951 626 annis.
967 607 977 626 .
993 607 1002 628 .
1018 608 1028 629 .
1056 557 1109 643 isti
1130 579 1200 653 pro·
1315 555 1359 624 (9¹
1373 560 1543 653 Rumperti
1558 614 1570 649 ,
1587 561 1631 630 (9¹
1645 562 1821 658 Erimperti
1832 565 1874 632 de
1887 563 1995 634 Sicia.
2012 615 2044 636 ..
2060 615 2070 636 .

441 642 522 715 nime
547 647 811 724 advenientibus.
838 657 888 724 Et
922 656 1034 728 exinde
1067 659 1106 730 de
1132 658 1201 754 ipsa
1314 657 1433 754 rogatis
1457 660 1636 732 exercitales
1662 662 1772 751 testes.

434 743 651 842 suprascripta
677 775 729 840 re,
765 754 903 850 qualiter
916 739 1022 854 ‘supra
1056 760 1200 856 legitur,
1365 811 1500 834 ......
1527 763 1666 858 qualiter
1683 763 1829 862 superius
1854 763 1992 860 legitur,
2014 785 2073 862 pes

441 875 545 922 annue
571 851 760 946 temporibus
783 857 943 928 redditum
967 881 1063 957 atque
1097 863 1198 934 eribo·-
1297 886 1441 938 ¹manum
1468 865 1653 935 Hodelberti
1678 867 1837 939 Presbirer
1852 857 1900 936 'O'
1917 867 2072 938 Notarius

440 969 508 1021 tum
533 950 705 1046 persoluere
729 956 938 1032 debeamus..
959 1013 969 1034 .
988 1015 999 1036 .
1015 1015 1052 1037 ..
1078 991 1199 1056 annos,
1313 961 1430 1034 tanne
1472 965 1665 1052 Metinenfis
1715 965 1873 1053 Ecclesiae
1916 967 2071 1064 complevi

441 1051 520 1138 idest
544 1079 582 1124 eae
606 1053 773 1152 omnigena
798 1085 855 1152 re,
877 1087 981 1158 grano
1002 1063 1102 1160 graffo
1136 1093 1196 1137 mo·
1315 1063 1357 1132 (9¹
1384 1065 1486 1138 dedi.
1621 1061 1625 1070 ’

330 1151 336 1162 ’
438 1155 493 1226 dio
518 1173 649 1251 quarto,
669 1158 790 1230 minuto
807 1183 912 1234 autem
938 1167 1040 1236 modio
1064 1167 1199 1264 quinto,
1363 1166 1508 1263 Epoeha
1534 1166 1614 1242 heic
1640 1168 1799 1244 adbibita
1825 1168 1872 1244 est
1897 1168 2013 1270 Regni
2039 1173 2074 1246 1·

440 1255 507 1330 lino
525 1282 644 1334 manna
660 1260 796 1354 quinta,
815 1265 895 1336 vino
918 1270 1199 1344 medietatem...
1311 1267 1435 1358 talici,
1462 1295 1533 1342 non
1561 1277 1645 1344 verb
1682 1271 1845 1369 Imperii.
1882 1275 2072 1365 Propterea

439 1361 516 1432 dare
541 1361 669 1436 debeam
695 1363 731 1432 in
771 1367 907 1440 Domini
943 1370 1065 1444 Natale
1096 1373 1201 1468 pullos
1243 1369 1269 1440 B
1312 1367 1385 1464 post
1408 1371 1537 1466 imperii
1558 1371 1627 1464 ejus
1652 1372 1793 1448 additur
1814 1373 1864 1445 hic
1887 1375 1921 1444 in
1948 1373 2071 1448 ltalia.

440 1465 543 1552 duos,
570 1487 649 1536 ovas
673 1463 796 1558 decem,
822 1489 929 1564 operas
953 1497 1028 1542 vero
1059 1493 1118 1570 per
1141 1501 1197 1544 an·
1311 1467 1451 1561 Quibus
1478 1489 1595 1546 autem
1620 1473 1769 1564 ritibus,
1794 1472 1964 1574 quibusve
1987 1495 2073 1548 eon·

399 1597 402 1602 ·
439 1590 495 1636 nos
513 1565 618 1656 saeere
641 1566 770 1644 debeam
795 1569 864 1652 dies
888 1591 1023 1669 quotuor
1040 1575 1201 1646 manualis
1310 1569 1508 1647 ditionibus
1532 1576 1622 1648 olim
1647 1575 1784 1674 praedia
1809 1574 1942 1649 rusticis
1966 1601 2074 1650 exco-

440 1693 507 1742 sum
531 1666 677 1742 domnica
700 1693 828 1743 annona
841 1723 957 1747 ......
993 1678 1083 1748 rebus
1117 1676 1201 1748 inter
1309 1671 1412 1747 lenda
1438 1675 1663 1768 locarentur,
1699 1677 1956 1751 animadvertet
1991 1675 2073 1750 heic

438 1791 522 1844 turre
547 1769 591 1840 (θ’
609 1791 675 1842 orto
693 1769 875 1858 faciendum
893 1776 1027 1870 sestaria
1044 1799 1198 1878 quatuos,
1310 1775 1522 1850 eruditionis
1541 1778 1708 1874 antiquae
1723 1799 1878 1852 amator.
1894 1777 1957 1851 Sed
1976 1776 2073 1876 quod

438 1875 523 1943 unde
548 1895 609 1942 non
636 1875 827 1961 reddamus,
848 1878 892 1946 (7
910 1878 976 1973 ipso
1001 1881 1100 1966 nolim
1121 1905 1196 1976 gra·
1312 1875 1529 1974 potissimum
1554 1878 1643 1952 banc
1669 1879 1758 1952 mibi
1784 1879 1953 1954 Chartam
1974 1903 2074 1950 com·

438 1999 480 2044 no
504 1971 560 2044 vel
577 1975 657 2044 vino
675 1975 833 2070 redditum
851 2001 1004 2076 quamque
1028 1980 1138 2054 exenia
1156 1982 1200 2050 (9¹
1312 1977 1476 2068 mendat,
1501 1979 1592 2052 illud
1611 1977 1656 2052 est
1680 1979 1773 2078 quod
1801 1981 1998 2072 Walpertum
2022 1984 2075 2050 E·

438 2093 546 2171 operas
560 2125 672 2150 .....
681 2077 808 2164 studere
833 2080 877 2150 (9¹
902 2083 1079 2175 triturare,
1105 2104 1199 2178 atque
1306 2080 1462 2178 piscopcuu
1491 2081 1706 2175 Mutinensem
1735 2079 1813 2154 heic
1837 2079 2073 2169 offendimus,

440 2203 568 2273 noegere
586 2179 710 2272 faeere,
729 2181 807 2253 dare
826 2186 870 2254 dt
887 2185 1065 2284 confignare
1088 2187 1199 2258 debea-
1310 2182 1473 2278 ignotum
1510 2182 1725 2282 Sillingardo
1755 2182 1793 2256 in
1820 2183 1998 2280 Catalogo
2024 2184 2074 2254 E·

438 2305 518 2374 rnur,
534 2281 569 2352 in
596 2281 868 2378 Martianus,
895 2292 952 2386 qui
979 2287 1080 2387 supra
1105 2288 1198 2360 Wal·
1236 2285 1268 2356 C
1311 2282 1482 2384 piscopor.
1502 2283 1697 2360 Mutineos.
1716 2286 1750 2358 δι
1772 2282 1943 2386 Ugbellio
1961 2285 2071 2358 Tom.

327 2385 347 2466 .’
432 2383 521 2480 perti
558 2385 741 2482 Epticrpe,
783 2387 906 2486 tuisque
947 2389 1198 2485 snccefforibur,
1313 2413 1345 2462 a.
1373 2389 1499 2462 ltaliae
1534 2386 1667 2460 sacrae.
1706 2391 1738 2460 ls
1765 2413 1849 2484 ergo
1875 2383 2072 2457 statuendus

436 2490 532 2582 quim
566 2488 716 2562 utin..
750 2517 819 2562 cum
844 2493 944 2579 neutra
968 2491 1133 2589 dinenelio
1151 2490 1194 2577 si·
1272 2539 1277 2550 ·
1311 2489 1383 2587 poli
1410 2489 1613 2576 Herniduns,
1640 2485 1694 2559 uti
1729 2485 1838 2557 etiam
1866 2481 1957 2556 infra
1994 2483 2073 2560 ani·

437 2613 477 2658 ne
510 2613 629 2660 omnem
664 2591 829 2662 neelellum
863 2593 920 2664 vei
948 2594 1115 2684 fraudem.
1151 2599 1200 2663 Et
1310 2591 1530 2662 madvertam
1565 2588 1604 2658 in
1633 2583 1812 2656 Differtat.
1838 2588 1878 2654 de
1904 2583 2071 2680 Legibus.

432 2709 492 2784 pro
531 2709 664 2784 tempore
703 2691 803 2783 meffis
844 2693 1003 2790 fimuique
1040 2693 1199 2764 vindemie
1311 2691 1435 2784 Neque
1462 2682 1650 2774 insalutata
1676 2681 1890 2758 dimittenda
1915 2683 1960 2757 est
1986 2685 2073 2782 regie

437 2785 536 2878 Miss'o
561 2790 695 2862 Domini
718 2795 808 2863 abere
831 2793 1017 2882 debeamus,
1037 2793 1081 2860 θ
1102 2819 1123 2862 a
1143 2789 1197 2880 su·
1309 2787 1395 2878 illa,
1423 2812 1494 2883 quo
1521 2785 1666 2860 nomine
1686 2784 1798 2860 adhue
1824 2783 2071 2878 Mutinenses,

430 2887 615 2986 Jeeptam„
631 2942 640 2962 .
753 2893 884 2986 patroni
909 2891 997 2980 flare
1033 2893 1200 2964 debeamus
1310 2887 1443 2985 aliique
1484 2886 1750 2986 Langobardiae
1792 2885 1913 2984 populi
1952 2885 2074 2974 Joeniie

436 2989 483 3063 ad
515 2989 631 3063 reblam
659 2990 821 3084 justitiam
850 2993 1051 3083 faciendam.
1091 2997 1140 3063 Ee
1168 2989 1201 3076 st
1310 2985 1508 3087 defignant.
1535 2992 1680 3082 Tegeum
1706 2987 1937 3062 Tabelliones
1964 2985 2074 3064 nostri

436 3091 653 3179 noluerimus,
677 3115 745 3190 per
759 3093 946 3182 Potestatem
972 3083 1063 3165 nobis
1087 3094 1199 3190 pigne·
1310 3090 1519 3190 appellant,
1547 3083 1602 3160 sed
1630 3113 1833 3188 perperam,
1870 3115 1980 3188 quum
2008 3097 2072 3162 Te·

436 3217 506 3264 sare
525 3193 665 3266 debeatis
682 3193 752 3278 sine
766 3196 898 3290 publica
923 3195 1110 3268 aubiorieate
1123 3247 1133 3269 .
1236 3197 1270 3268 D
1305 3218 1363 3289 ges
1381 3191 1616 3310 appellaretur
1638 3190 1751 3272 olim,
1779 3189 1873 3290 quod
1892 3217 1956 3264 nos
1975 3198 2071 3262 Seno·

432 3292 616 3392 posuimus,
643 3295 732 3382 uest
755 3298 862 3390 exire,
888 3319 947 3372 aut
972 3299 1119 3389 minare,
1143 3315 1202 3371 aut
1310 3319 1348 3366 ra
1365 3292 1538 3366 dicimus.
1560 3289 1724 3366 Nostrum
1746 3293 1870 3388 Tegia,
1897 3290 1967 3366 sive
1986 3299 2072 3390 Teg-

437 3395 551 3490 aliqua
574 3396 795 3494 superpositam
808 3399 913 3491 sincere
928 3453 939 3490 ,
953 3401 1124 3491 fraudem,
1143 3416 1202 3472 aut
1306 3397 1385 3492 gia,
1413 3411 1453 3467 ut
1478 3391 1547 3466 boe
1572 3392 1689 3466 obiter
1715 3392 1902 3485 adnotem,
1928 3419 1972 3468 ex
2001 3397 2073 3470 La·

435 3495 604 3570 meletium
626 3499 815 3594 scaminus,
845 3503 891 3573 rb*
909 3529 971 3573 non
993 3502 1200 3599 permanfim'*
1280 3479 1286 3534 ¹
1310 3497 1387 3568 tina
1407 3493 1549 3594 Lingua
1568 3493 1765 3570 desumrum
1786 3495 1874 3590 apud
1902 3519 1967 3568 nos
1993 3521 2072 3593 per·

434 3625 506 3672 mus
529 3602 641 3674 ambas
650 3654 812 3678 .......
846 3623 915 3676 tam
939 3629 996 3674 nor
1027 3601 1202 3700 suprascri·
1309 3595 1442 3672 durat.
1476 3596 1618 3691 margia
1653 3595 1804 3693 tegulitia
1837 3596 1992 3670 occurrit
2028 3593 2069 3670 in

434 3719 535 3796 ptus,
559 3724 714 3800 quamque
741 3702 959 3795 successoribus
981 3726 1044 3778 ant
1081 3704 1202 3776 beredi-
1311 3695 1425 3772 veteri
1453 3695 1689 3801 inscriptione
1715 3698 1734 3769 b
1761 3701 1914 3770 Grutero
1941 3695 2072 3798 produ·

438 3804 496 3872 hos
522 3799 654 3894 amirei,
690 3804 735 3874 ei·
767 3808 935 3900 probatum
964 3806 1095 3897 fuerit:
1129 3825 1204 3878 tunc
1310 3799 1387 3874 ua.
1408 3797 1588 3891 Iuvenalis
1608 3815 1725 3872 autern
1746 3797 1867 3894 Satyri
1889 3822 1947 3893 14.
1968 3803 2071 3870 Mau·

275 3991 284 4001 ι
436 3901 651 3998 promittimus
675 3928 853 4003 componere
886 3933 969 3980 unus
1002 3909 1118 4000 alteri,
1154 3911 1205 3980 eui
1310 3927 1413 3973 rorum
1438 3897 1576 3996 attegias
1601 3917 1878 3989 commemorat,
1906 3898 1991 3974 idest
2014 3917 2072 3976 tu·

439 4001 534 4098 eulpa
568 4002 703 4079 inventa
730 4010 859 4101 fuerit,
891 4032 978 4108 pena
1011 4010 1134 4082 nomine
1169 4009 1204 4082 in
1311 4003 1410 4103 gusia
1436 4003 1471 4074 δι
1499 3999 1671 4100 mapalia.
1708 4005 1814 4076 Nunc
1851 4002 1976 4099 Teggia
2006 4027 2071 4076 no·

439 4125 571 4202 argento
595 4109 722 4182 solidos
754 4111 901 4208 viginti.
937 4117 986 4185 Et
1020 4111 1090 4210 pasl
1120 4133 1205 4210 pena
1242 4103 1272 4174 E
1311 4107 1366 4180 bis
1391 4103 1459 4195 eu,
1495 4100 1556 4176 ubi
1582 4099 1725 4176 foenum
1752 4100 2003 4178 tantummodo
2029 4128 2070 4176 ac

438 4205 602 4302 composita
628 4210 685 4282 bos
721 4214 827 4288 libelli
861 4215 1085 4306 conveneneie,
1119 4213 1204 4301 ficut
1310 4211 1430 4308 paleae
1449 4201 1707 4295 reconduntur,
1727 4227 1766 4278 ae
1787 4231 1847 4304 per
1865 4203 2071 4278 translatio·
2103 4237 2105 4242 ¹

432 4307 579 4402 superius
603 4311 746 4409 legitur,
774 4315 809 4387 in
828 4315 907 4408 sna,
926 4338 1111 4416 permaneat
1136 4317 1203 4410 fir·
1310 4335 1393 4385 nem
1420 4334 1463 4382 eo
1490 4304 1637 4380 nomine
1671 4305 1847 4380 donantur
1881 4302 1977 4380 casae
2012 4301 2072 4378 in.

437 4408 550 4480 onitate
570 4461 711 4488 ......
739 4417 942 4508 eonltimdo;
965 4420 1051 4492 unde
1074 4420 1137 4490 duo
1160 4417 1203 4490 li·
1310 4415 1448 4498 cultae,
1475 4435 1515 4482 ac
1542 4433 1743 4482 aranearum
1771 4405 1929 4482 concilio
1946 4403 2071 4482 dimis-

437 4509 517 4582 belli
541 4511 781 4608 convenientia,
815 4520 891 4614 pari
916 4519 1017 4593 tinore
1040 4519 1203 4617 conscripti
1310 4513 1384 4589 sae.
1416 4513 1584 4586 Ceterum
1612 4508 1846 4609 Dru-Congius
1872 4507 1916 4582 ad
1943 4533 2070 4584 vocem

432 4611 538 4706 [unt.
1309 4615 1412 4713 Tegla
1447 4611 1532 4686 haec
1566 4611 1702 4686 habet:
1741 4613 1841 4685 Fides
1873 4631 2069 4706 coopertura.

488 4713 578 4788 Allo
602 4716 757 4812 Matina,
782 4719 862 4811 die,
880 4720 1019 4818 Regni,
1042 4721 1087 4793 (9·
1111 4721 1203 4795 Indi·
1308 4717 1430 4812 Papias
1455 4719 1534 4789 Ms.
1561 4713 1605 4784 Θ
1629 4715 1759 4789 editus.
1795 4717 1874 4788 Aut
1900 4709 2078 4786 Gloliarii,

435 4813 536 4890 liione
555 4819 773 4922 suprascripta
793 4822 956 4914 feliciter.
1309 4813 1487 4919 Congiani
1512 4814 1652 4906 editio,
1678 4842 1748 4914 qua
1774 4833 1878 4904 utor,
1914 4829 1976 4886 aut
2003 4813 2070 4928 lfa·

484 4924 623 5024 Signum
646 4930 690 5018 sp
719 4953 832 5000 manus
847 4923 1036 5021 Jobannia,
1064 4925 1122 5026 qni
1147 4926 1203 5004 boe
1310 4919 1388 5020 piae
1413 4915 1649 4994 Grammatici
1675 4917 1827 4994 Codices
1853 4911 1933 4990 heic
1959 4909 2071 5031 vitm

435 5019 543 5100 libello
560 5027 697 5124 seribere
721 5029 838 5131 rogavi
849 5079 860 5105 .
1280 5019 1473 5116 ltisuut.
1505 5019 1735 5103 scribendum
1762 5017 1927 5098 uidetur:
1966 5017 2072 5086 Foens

1232 5159 1234 5165 ·
1448 5143 1455 5160 1
1639 5171 1641 5176 .
1898 5134 2019 5218 eropon,
