4570 6096
328 407 424 495 ³37
665 363 1159 468 DISSERTATIO
1218 358 1528 450 DECIMAs
1778 355 1862 466 -138

275 493 629 590 summonuistis,
659 493 717 588 seu
742 491 961 586 Seulduser'is.
996 496 1046 564 Et
1083 493 1119 568 A
1159 479 1395 574 molestaverit,
1421 486 1500 556 Duae
1524 501 1594 553 eum
1612 474 1771 592 solatio..
1800 467 1928 596 Lutlon'¹

224 621 228 630 ·
270 594 305 685 fi
330 597 538 688 Gustaldr'ur,
563 618 620 670 aue
645 595 795 670 Seulder'r
822 597 891 670 tle.
913 621 973 669 nen
993 593 1044 684 fe-
1158 585 1261 675 uicus
1294 609 1436 685 quoque
1463 585 1510 656 11.
1538 584 1744 696 Imperator·
1759 599 1799 650 ru
1825 575 1928 659 Com

279 701 381 792 cerie,
407 698 594 772 mollietur.
633 696 786 772 Proinde
820 696 884 794 qui
910 697 950 771 in
975 697 1042 772 Ca·
1157 687 1342 764 stitutione
1367 680 1604 788 promotionis
1630 693 1807 758 exercitus
1831 672 1925 776 apud

280 800 496 900 pirularibus
523 806 659 897 Regum
688 805 902 874 Francorum
928 797 1043 897 appel·
1159 791 1359 868 Camillum
1387 785 1629 888 Peregrinium
1656 785 1765 858 Tom.
1787 802 1822 856 a.
1845 801 1924 878 pag.

280 903 400 978 lantur
416 903 554 995 judiees
581 903 739 974 Villerum
774 895 972 1000 Regiorum,
1005 897 1044 972 li·
1162 890 1542 991 264Rer.1talicar.
1579 885 1755 984 imperat,
1788 901 1825 954 eet
1850 879 1927 952 nul·

282 1029 327 1080 νο
354 1005 553 1098 Peooijores,
580 1029 651 1076 non
678 1003 743 1078 alii
763 1002 858 1078 luere
877 1005 898 1076 l
916 1001 1045 1090 Gestat·
1159 997 1230 1068 lum
1252 999 1296 1070 ab
1318 993 1517 1092 expeditione
1541 1009 1599 1064 eut
1624 995 1756 1072 Comes,
1781 1003 1840 1056 aut
1857 986 1927 1056 Ga·

281 1106 365 1178 diis.
392 1109 429 1180 Si
456 1104 541 1204 quid
569 1124 688 1180 tamen
724 1105 903 1222 conjicere
934 1103 1044 1196 lieet,
1152 1099 1246 1186 field
1258 1151 1272 1189 ,
1296 1099 1353 1172 uel
1378 1095 1515 1184 erinister'
1540 1119 1647 1168 sorum
1668 1085 1846 1181 exossatum
1867 1083 1928 1162 ba-

280 1233 353 1280 non
380 1205 423 1280 de
447 1207 613 1282 omnibus
639 1205 761 1283 caulius
788 1206 970 1308 judicandi
995 1204 1044 1280 fa·
1160 1203 1276 1274 nare.
1311 1198 1437 1274 Audin
1473 1196 1629 1286 ministrer
1663 1197 1797 1268 eorum?
1817 1189 1927 1298 ‚Ergo

280 1311 393 1384 cultas
429 1311 480 1382 eis
516 1309 597 1382 data
623 1308 696 1399 est,
733 1308 792 1384 sed
824 1311 966 1384 tantuna
1001 1307 1045 1382 de
1160 1303 1197 1376 dt
1223 1299 1287 1381 sub
1311 1299 1489 1391 Gellrldiir
1507 1295 1658 1378 minillri
1679 1297 1834 1376 ninom
1852 1296 1929 1374 fue·-

279 1410 406 1484 litibus
433 1410 476 1482 ad
503 1409 643 1484 Filcum
670 1413 705 1482 δι
729 1409 985 1508 patrimonium
1005 1407 1045 1482 fi·
1092 1406 1134 1492 B,
1160 1430 1225 1496 rev,
1252 1432 1341 1507 quos
1367 1404 1468 1505 supra
1495 1403 1700 1482 invenimus
1730 1401 1926 1504 appellatos

280 1510 319 1586 bi
347 1512 633 1584 commendatum
670 1510 953 1610 pcrtinentibus,
989 1509 1044 1586 uti
1160 1507 1297 1580 Aones
1336 1509 1461 1604 Regis.
1502 1503 1748 1608 Langobardis
1785 1529 1928 1604 qtsoque

278 1611 394 1686 adbuc
421 1611 646 1710 praeliaturi
665 1611 901 1700 camerariis,
927 1613 1045 1705 Quae·
1161 1608 1389 1709 regnantibus
1414 1608 1582 1683 exstitisse
1616 1608 1798 1697 Gaslaldior
1823 1605 1930 1704 Regi·-¹

281 1711 451 1800 lioribus,
467 1711 592 1786 aliisve
611 1731 688 1797 tum
709 1713 950 1811 privatarum,
967 1733 1043 1793 tum

281 1811 454 1888 sanarum
482 1812 714 1914 largitionum
741 1813 975 1904 Comitibus,
1010 1841 1042 1888 a·

280 1913 387 1988 liisve
414 1914 611 1990 minoribus
632 1915 724 1990 Fisci
744 1915 934 1992 ministris.
961 1915 1046 1996 All·

281 2013 319 2088 bi
345 2014 503 2090 vidimus
529 2016 843 2106 Comitesminime
868 2019 913 2092 ab
939 2041 1045 2092 onere

279 2115 437 2190 militiae
464 2117 572 2192 fnisse·
599 2120 798 2210 immunes,
834 2118 952 2195 immo
985 2135 1044 2198 cot

281 2214 321 2290 in
349 2215 474 2314 primis
498 2216 638 2290 adadios
657 2218 698 2290 ad
718 2219 958 2296 deducendum
980 2225 1045 2294 Po-

282 2319 406 2412 pulum
445 2317 542 2390 suum
571 2317 611 2390 ad
649 2318 870 2410 exercitum,
904 2319 1047 2420 quoties
1091 2315 1123 2386 C

279 2415 319 2492 id
346 2437 407 2490 aut
435 2420 547 2492 tutela
582 2415 732 2509 finium,
768 2436 830 2496 aut
864 2421 1047 2522 expeditio

281 2519 402 2617 aliqua
431 2518 614 2620 poscebat.
641 2522 820 2614 Serldasrir'
845 2549 989 2620 quoque
1013 2525 1049 2596 &

281 2618 425 2694 solearii
450 2617 556 2708 idem,
573 2621 775 2719 praestitiii'e
816 2623 983 2698 videntur
1008 2624 1048 2700 in

283 2725 381 2816 Lege
427 2725 559 2796 lllllli.
584 2723 682 2824 ‘Lib
714 2727 800 2810 -vt,
831 2723 1047 2822 Liutprandi

283 2823 416 2923 Regis.
456 2823 520 2898 Sed
544 2824 601 2896 dr.
615 2825 810 2912 *Gelloldr'os
850 2826 1049 2906 conuolaiie

283 2923 402 3013 illuc,
428 2926 462 2995 ἃ
491 2923 698 2998 cohortibus
732 2925 803 3002 suis
839 2927 1050 3026 praefiailie,

284 3021 353 3097 hoc
379 3022 450 3113 cll,
477 3041 517 3096 ut
543 3023 698 3122 opinor,
734 3024 941 3102 bominibus
966 3028 1048 3104 edu·

1162 1735 1298 1799 neum,
1333 1708 1511 1784 indicabit
1544 1708 1649 1784 uobis
1684 1705 1928 1808 antiquiliinaa

1094 1831 1096 1834 ’
1162 1809 1320 1900 Charta,
1354 1811 1452 1908 cums
1479 1809 1719 1912 apographum
1745 1807 1823 1883 vidi
1849 1809 1864 1908 (
1880 1834 1926 1884 ex

1161 1911 1371 1991 authentico
1386 1911 1584 1988 desumtum
1611 1913 1645 1985 ἃ
1673 1910 1844 2004 lignatum
1865 1935 1927 1984 co-

1160 2039 1235 2090 ram
1263 2013 1443 2092 brixianis
1466 2013 1648 2104 Judicibus
1667 2017 1778 2088 Anno
1797 2014 1927 2088 MCC·

1162 2119 1293 2191 xctx.
1309 2117 1323 2214 )
1339 2117 1389 2196 ,in
1415 2115 1614 2191 Tabulario
1638 2113 1767 2192 eximii
1793 2117 1926 2190 Mona·

1159 2217 1254 2294 llerii
1280 2217 1453 2294 laesarum
1480 2216 1672 2318 virginum
1700 2214 1845 2292 Saublae
1864 2219 1926 2306 Ju-

1158 2319 1232 2395 liae
1257 2316 1424 2394 Brixiae.
1451 2317 1634 2395 Nimirum
1662 2315 1761 2397 suum
1781 2341 1925 2416 quoque

1158 2417 1229 2494 luit
1255 2418 1511 2518 patrimonium
1539 2416 1721 2492 Uxoribus
1758 2422 1924 2518 Regum,

1158 2519 1243 2594 idell
1280 2524 1432 2611 Curtes,
1467 2519 1610 2610 Silvae,
1646 2517 1820 2610 Praedia,
1853 2520 1923 2592 dte.

1158 2621 1336 2696 Placitum
1372 2627 1495 2700 Lucae
1528 2619 1692 2696 habitum
1729 2621 1763 2692 in
1798 2626 1923 2712 Curre,

1155 2749 1234 2820 quae
1258 2723 1377 2802 dieitur
1412 2723 1589 2818 Reginae,-
1622 2717 1773 2822 produxi
1809 2748 1923 2824 mrpeo

1155 2823 1193 2906 iu
1230 2823 1295 2900 hac
1331 2823 1405 2926 ipsa
1439 2823 1719 2900 Differtatione.
1760 2822 1827 2898 Sed
1864 2823 1923 2900 ibi

1156 2925 1357 3018 Palatium,
1384 2953 1469 3004 non·
1484 2925 1644 3017 Villam,
1670 2921 1850 3016 indicari,
1865 2951 1921 3000 res

1155 3026 1398 3125 ipsa-monet.
1433 3027 1551 3102 Villas
1577 3045 1700 3106 eontra
1725 3029 1763 3102 δι
1788 3027 1921 3102 Castel-

284 3121 410 3200 elice
446 3123 619 3200 Cuttibus
658 3123 808 3223 Regiis,
848 3128 1049 3228 intelligere
1155 3128 1190 3198 la
1217 3127 1396 3224 pollediffe
1432 3129 1588 3228 Reginae
1624 3148 1732 3226 atque
1765 3132 1920 3230 Impera·

284 3225 463 3326 pollumus
497 3251 541 3300 ex
577 3228 674 3326 Lege
711 3231 844 3301 xxiv.
882 3227 1049 3302 Rotharis
1085 3221 1122 3290 D
1155 3225 1262 3300 trices
1287 3227 1327 3302 in
1353 3227 1435 3302 aliis
1470 3227 1574 3328 buius
1609 3231 1737 3326 Operis
1772 3231 1920 3306 Chattis

176 3393 194 3402 -
285 3327 416 3425 Regis,
444 3327 504 3401 ubi
531 3325 616 3400 haec
642 3329 827 3426 leguntur:
856 3331 897 3402 Si
921 3329 1049 3416 Gallul-
1155 3325 1480 3424 deprehenduntur.
1505 3333 1562 3404 En
1588 3331 1778 3406 brixianae
1797 3357 1921 3434 perga.

283 3429 359 3504 dius
398 3428 593 3500 exercitalem
621 3429 717 3522 suum
756 3451 863 3504 eontra
896 3411 1076 3506 rationeml
1116 3485 1119 3492 -
1155 3451 1278 3504 menae
1304 3427 1437 3506 verba.

328 3661 332 3669 ’
373 3657 535 3748 Natalia
565 3658 645 3746 filia
677 3615 817 3751 Gilulli
849 3662 1111 3782 Anselbergae
1141 3659 1367 3750 Abbatiffae
1397 3657 1628 3751 Monallerii
1656 3593 1866 3754 Brixiaeis
1930 3681 1945 3724 ·.

445 3839 451 3850 -
547 3779 709 3868 Saollae
737 3783 867 3895 Juliae
899 3785 1035 3870 vendit
1064 3780 1288 3906 portionem
1320 3781 1427 3870 suam
1458 3785 1500 3870 in
1531 3785 1657 3870 Curre

777 3977 781 3984 ,
844 3901 1064 4020 Alphiaoi,
1102 3907 1227 3990 Auno
1257 3914 1358 4016 769.

385 4141 537 4236 Egrante
562 4139 707 4212 Domno
731 4137 913 4214 Defiderio
929 4140 974 4210 Θ
992 4140 1043 4214 A·
1079 4143 1111 4214 E
1153 4135 1259 4210 diues
1284 4134 1447 4228 entend,
1471 4133 1654 4225 Aueiedis,
1679 4136 1737 4236 qui
1755 4137 1830 4230 fuit»
1848 4142 1921 4217 Ga·¹

409 4239 545 4314 delebis
561 4239 630 4312 viri
647 4241 890 4335 excellentr'ffinri
909 4245 1041 4334 Reges,
1153 4237 1280 4314 ualdus
1306 4238 1345 4312 in
1373 4239 1573 4338 Bergamo,
1609 4241 1654 4312 tl·
1677 4239 1854 4335 Cimbro,
1870 4243 1922 4337 fi.

278 4351 381 4413 Auno
403 4341 535 4434 pietatis
569 4341 679 4436 Regni
710 4369 813 4414 eorum
838 4345 873 4414 in
899 4345 965 4418 Dei
989 4372 1040 4416 ero·
1153 4341 1218 4414 lius
1241 4343 1399 4440 quondm
1424 4341 1470 4412 Gi
1482 4341 1584 4431 elini,
1620 4341 1666 4420 rie,
1689 4368 1820 4438 quesere
1850 4367 1924 4442 pee-

279 4441 364 4512 mire
389 4443 498 4512 Tertio
520 4443 658 4530 decimo,
694 4443 739 4514 Θ·
765 4447 953 4538 Undecimo,
981 4447 1043 4538 sub
1149 4442 1259 4536 sertia
1280 4437 1413 4538 pradella
1433 4442 1528 4535 sum,
1547 4445 1605 4536 sere
1628 4444 1675 4514 Ο·
1700 4443 1845 4534 testium,
1864 4446 1924 4543 qui

275 4541 331 4614 die
364 4545 420 4614 IV.
456 4545 678 4617 Kalendarum
710 4550 908 4642 Aprilium,
949 4549 1039 4622 Indi·
1156 4541 1444 4642 &subtersignari
1473 4545 1581 4636 futuri
1614 4535 1713 4636 fietu,
1748 4549 1842 4622 selle
1873 4575 1924 4620 me

274 4641 377 4714 {lione
393 4647 464 4716 Vll.
480 4641 674 4736 Coullatme
691 4650 922 4740 Nataliofilia
940 4656 1035 4724 Dom-
1125 4645 1312 4724 lvielentr'a
1340 4644 1437 4743 pesti,
1463 4646 1524 4740 sed
1556 4650 1638 4722 bona
1673 4648 1717 4720 Φ·
1745 4649 1923 4746 spontem

276 4749 313 4816 esi
341 4741 463 4837 Gisulfi
495 4747 661 4818 Reretarir
695 4749 740 4838 Q·
772 4751 900 4842 Coniux
933 4755 1036 4826 Adel·
1155 4775 1224 4822 mea
1248 4751 1417 4822 voluntate
1440 4751 1624 4828 nullatenus
1648 4751 1804 4848 cogentis,
1838 4777 1921 4824 eree·

274 4846 381 4936 berei,
408 4845 472 4938 ipsa
497 4867 602 4920 temen
626 4851 803 4926 adelbero
840 4853 950 4952 iugale
974 4881 1040 4926 eaeo
1152 4846 1263 4948 pilleus
1289 4850 1386 4936 sicuti
1411 4850 1446 4924 iu
1467 4852 1627 4950 presentie
1660 4852 1785 4938 sellim
1817 4849 1921 4946 accpi

1154 4955 1176 5024 ri
1202 4975 1233 5025 te
1259 4951 1475 5054 Anlelperga
1507 4953 1616 5028 dueta
1641 4959 1712 5026 Deo
1735 4947 1921 5026 Abbatili'a

1154 5053 1363 5134 Monalltrii
1386 5053 1531 5132 Domni·
1543 5050 1848 5136 salvatorissr'tum
1864 5049 1921 5144 iras

1811 5172 1867 5228 tra

276 4947 501 5039 consentiente,
537 4949 583 5020 θ
599 4951 709 5043 subter
732 4955 959 5049 confirmante,
986 4984 1039 5030 nee

276 5075 337 5122 ner
361 5051 459 5126 etiarn
485 5053 531 5128 Θ·
551 5055 739 5151 perrottus
763 5061 862 5154 reeb,
879 5057 965 5146 sieut
988 5064 1038 5134 E-
