4566 6062
453 419 540 503 477
744 379 1454 502 animuin-arnoni
1510 378 1693 469 Anrr
1890 389 1975 500 ⁴78

393 521 499 602 taque
538 519 646 603 peto,
682 531 744 579 cur
779 531 851 578 non
877 508 911 579 8(
940 508 983 577 ab
1012 505 1098 577 Elare
1123 506 1158 577 δι
1199 509 1253 578 A·
1276 507 1317 600 pe'
1357 498 1582 574 constituerat
1622 499 1893 598 Liutprandus,
1933 497 2037 575 femi·
2119 569 2121 572 ,

396 609 506 679 Maron
533 605 658 680 deduci
679 633 750 682 vox
780 606 840 680 isia
868 604 994 704 possit?
1022 605 1079 680 Est
1101 601 1159 680 au·

396 727 468 782 tent
498 710 585 779 Ehre
620 709 833 784 Teutonicis
870 715 1005 795 Honor,
1042 710 1160 782 itaut

395 837 440 884 en
467 809 612 882 nomine
637 809 813 884 donentur
849 810 1025 904 Homines
1052 809 1158 900 Libe·

397 913 452 1000 ti,
480 910 684 1000 Honorati,
712 911 883 1002 illustres,
911 909 979 986 sive
1006 937 1078 984 non
1106 911 1158 984 vi·

396 1013 443 1087 lis
470 1011 718 1086 conditionis.
752 1018 902 1088 Certum
930 1013 1061 1113 quippe
1088 1012 1159 1101 esi,

396 1141 458 1188 eos
485 1114 697 1188 Liberorum
734 1113 922 1188 bominum
950 1116 1032 1188 albo
1060 1113 1160 1188 fuisse

398 1216 611 1316 inscriptos,
648 1242 761 1314 neque
790 1215 977 1290 censendos
1005 1215 1174 1314 abjestae

397 1318 583 1406 fortunae,
619 1337 659 1392 ut
695 1317 839 1418 quidam
868 1316 1032 1418 suspicati
1059 1316 1160 1408 sunt,

396 1420 547 1519 quiens
575 1445 684 1520 paene
720 1422 757 1494 in
784 1417 946 1494 infimam
975 1425 1160 1494 Servorum
1207 1411 1235 1482 Β
1276 1417 1303 1486 Ι.
1332 1413 1438 1502 Apud
1463 1415 1665 1513 'Campium
1703 1420 1811 1489 Tom.
1850 1418 1876 1488 Ι.
1903 1413 2036 1488 ilistor.
2096 1418 2105 1432 '

399 1523 528 1607 sortem
556 1523 759 1620 coniecere.
798 1521 950 1610 Liberi,
987 1521 1162 1620 inquam,

399 1621 517 1712 suere,
545 1621 659 1698 immo
677 1621 830 1722 quodam
852 1623 1069 1700 Nobilitatis
1088 1649 1163 1722 gra·

1274 627 1356 676 nam
1383 601 1551 678 Liberam
1580 605 1768 676 nubentem
1795 607 1924 692 Servo,
1951 603 2037 676 dum

1273 705 1347 803 ejus
1390 701 1640 804 consanguinei
1682 705 1777 777 intra
1823 728 1952 776 annum
1993 703 2038 776 de

1274 802 1424 880 crimine
1451 805 1518 880 hoc
1539 803 1735 880 vindislam
1763 805 1898 880 nullam
1926 802 2039 876 sume·
2092 867 2096 882 ,

1273 925 1383 996 tent,
1420 904 1501 980 fieti
1540 909 1712 980 Antissam
1750 907 1900 980 Palatii.
1942 904 2036 984 l'leic

1274 1027 1392 1082 autem
1427 1007 1650 1096 decernitur,
1686 1010 1851 1084 mulieres
1887 1005 2037 1083 Liberat

1275 1111 1444 1184 nubentes
1471 1109 1587 1185 Servis
1619 1109 2037 1186 monasterii-uernam·

1275 1209 1316 1284 ste
1356 1208 1490 1286 suturas
1529 1211 1595 1286 esse
1634 1211 1787 1312 ejusdem
1829 1201 2036 1286 Monasterii

1276 1311 1458 1386 Ancillas.
1496 1313 1589 1386 Vide
1617 1317 1750 1414 Legem
1777 1337 1839 1411 75.
1868 1309 2036 1388 Lotharii

1275 1512 1406 1588 Eccles.
1436 1515 1630 1590 Placentin.
1659 1543 1735 1618 pag.
1761 1539 1848 1615 457.
1874 1512 2038 1600 Ludovi·

1275 1642 1335 1690 cus
1376 1617 1422 1690 Is.
1462 1616 1636 1718 Augustus
1677 1618 1821 1694 Sofredo
1860 1618 2037 1718 Episcopo

388 1727 446 1800 ‘du
472 1727 614 1820 ornati,
641 1724 805 1801 Militiae
830 1752 972 1825 quoque
1000 1723 1163 1812 addisii,
1274 1714 1425 1816 largitur
1446 1719 1652 1816 'Gisebrrgarr
1671 1722 1847 1794 nativitate
1865 1720 2036 1810 Liberam,

397 1829 435 1900 de
462 1827 615 1924 denique
640 1826 758 1902 exiis
786 1853 857 1900 non
886 1827 987 1925 pauci
1015 1847 1076 1900 aut
1097 1831 1164 1898 Re·

399 1927 478 2026 gis,
515 1947 575 2000 aut
611 1927 758 2001 alterius
795 1927 949 2001 Senioris
987 1926 1163 2013 vassalli,

400 2028 543 2126 quoties
570 2029 613 2102 ab
638 2055 682 2103 eo
709 2028 747 2100 in
774 2025 986 2101 beneficium
1015 2025 1163 2100 iundum

400 2128 606 2228 quempiam
642 2129 884 2228 accipiebant.
921 2133 962 2202 ln
992 2132 1089 2230 Lege
1118 2129 1163 2200 Is.

1268 1819 1325 1911 sed
1346 1840 1404 1914 pro
1428 1821 1665 1911 trajaaiiioae,
1702 1849 1766 1919 qua
1794 1822 1830 1914 se
1864 1821 2037 1912 ssrmdasdr

1272 1925 1372 1990 servo
1398 1919 1497 2007 nostra
1531 1920 1721 2014 conjunxit,
1756 1929 1802 1996 ad
1833 1942 1956 2018 partera
1983 1949 2037 1994 no·

1269 2018 1368 2105 liram
1402 2021 1550 2116 legaliter
1574 2024 1616 2093 Θ·
1651 2047 1709 2120 per
1741 2025 1896 2123 juditium
1930 2023 2037 2118 publi·

1273 2147 1342 2191 anm
1378 2121 1445 2218 poli
1484 2125 1703 2221 acquisitam:
1743 2125 1828 2200 idest
1870 2125 2036 2212 Palatio,

398 2230 555 2306 Racbisti
580 2232 892 2338 Langobardorum
920 2229 1048 2330 Regis,
1076 2245 1164 2326 part.
1244 2219 1331 2340 rseu
1360 2222 1449 2323 Regi
1476 2223 1537 2300 sub
1565 2225 1684 2303 servili
1713 2228 1920 2302 conditione
1939 2227 2037 2322 adju·

400 2335 449 2405 ΙΙ.
476 2335 587 2408 Tomi
627 2337 654 2407 s.
692 2359 767 2434 pag.
796 2338 854 2409 86.
893 2337 972 2408 Rea.
1009 2331 1164 2406 italicar.
1205 2332 1237 2404 C
1274 2325 1449 2398 dicatam.
1485 2332 1635 2403 Sunt&
1663 2331 1732 2404 alio
1759 2328 1930 2427 ejusmodi
1960 2327 2036 2400 Pri·

397 2457 544 2509 cautum
570 2435 638 2525 est,
666 2461 709 2509 ne
735 2435 948 2533 cujuscumque
968 2435 1084 2526 servus
1109 2440 1163 2507 A·

400 2538 583 2610 rimanram
616 2541 713 2610 durat
747 2563 900 2606 uxorem·
939 2541 1056 2609 Antea
1095 2541 1161 2608 Ro·

398 2637 513 2712 thanis
540 2638 578 2712 in
605 2641 702 2738 Lege
730 2661 814 2712 222.
849 2635 944 2706 idem
972 2633 1163 2724 statuerat,

398 2741 575 2837 postremo
615 2737 790 2836 supplicio
827 2734 913 2807 talia
953 2734 1163 2806 audentibus

396 2838 603 2936 proposito.
640 2839 680 2908 Si
712 2843 833 2906 servas
857 2832 1030 2930 (inquit)
1067 2833 1160 2904 Libe·

289 2989 295 2996 -
398 2965 469 3016 ram
495 2938 681 3025 mulierem,
716 2957 774 3006 aut
802 2936 943 3030 pressam
968 2935 1063 3026 auster
1093 2933 1162 3022 sne·

398 3041 445 3109 rit
478 3039 544 3124 stri
577 3037 723 3132 conjugia
751 3038 890 3130 feriare,
925 3035 1051 3105 animae
1084 3033 1163 3124 saar

400 3141 541 3212 incurrat
557 3140 750 3237 periculam.
782 3141 949 3234 Rigorem
970 3134 1073 3234 hujus
1095 3137 1158 3208 Le·

1275 2427 1402 2526 vilegii
1430 2436 1592 2530 exempla
1631 2435 1720 2529 apud
1760 2429 1966 2528 Ughelliutn
1995 2425 2034 2500 itt

1276 2528 1542 2628 Archiepiscop.
1583 2535 1817 2602 beneventan.
1854 2529 1962 2600 Tum.
1999 2532 2033 2602 8.

1276 2627 1400 2700 ltaliae
1427 2625 1559 2702 sacrae.
1585 2630 1794 2704 Ludorieus
1819 2627 1929 2702 etiam
1953 2626 2034 2702 Pius

1276 2723 1449 2822 Augustus
1484 2726 1565 2822 (uti
1603 2729 1736 2802 constat
1771 2757 1815 2804 err
1850 2730 2035 2805 Chronico

1275 2823 1425 2898 Fars'ensi
1464 2830 1556 2903 Part.
1593 2833 1640 2904 ll.
1670 2832 1781 2904 Tomi
1820 2833 1865 2904 11.
1896 2839 1974 2906 Rer.
2003 2835 2037 2904 1·

1274 2929 1409 2996 taliear.
1438 2951 1515 3026 pag.
1543 2932 1654 3028 365.)
1681 2936 1790 3004 Anno
1818 2934 2035 3007 Dcccxv.

1275 3021 1490 3100 farsenfibus
1535 3031 1726 3105 Monaebis
1774 3031 1955 3126 indulsit,
2000 3053 2037 3106 at

1274 3126 1434 3223 quidquid
1458 3153 1495 3200 rx
1520 3133 1712 3228 copulatione
1737 3141 1907 3207 Servorum
1939 3135 2036 3233 ipsius

398 3241 454 3337 gis
484 3239 695 3341 temperavit
731 3237 973 3335 Liutpfflndus
1002 3241 1099 3335 Lege
1125 3239 1159 3312 ⁶,
1202 3223 1236 3292 D
1275 3225 1470 3316 Moralierii
1503 3259 1571 3304 eurr
1610 3233 1732 3306 Liberis
1761 3235 1894 3326 feminis
1925 3237 2036 3329 serua.

259 3347 262 3350 ’
398 3343 483 3418 Lib.
517 3369 554 3436 4.
581 3344 754 3416 Attamen
789 3339 906 3437 aspere
941 3338 1159 3428 habebatur,

398 3443 615 3540 quicumque
639 3447 766 3517 Servus
795 3444 866 3515 tale
895 3437 1030 3514 facinus
1057 3440 1152 3514 aude·

398 3543 476 3621 bat.
505 3546 560 3617 Ex
588 3543 643 3618 his
668 3569 753 3642 ergo
779 3541 973 3632 habemus,
1000 3543 1156 3618 Arimar-

392 3663 459 3720 'nas
484 3646 631 3720 Liberae
657 3644 758 3718 fuisse
784 3642 957 3740 seminas3
987 3669 1092 3742 quam
1120 3642 1158 3714 in

395 3773 471 3821 rem
491 3747 600 3818 etiam
622 3745 767 3844 legenda
794 3743 873 3816 sunt
900 3743 1079 3818 Ludovici
1103 3744 1157 3817 Pii

397 3845 548 3947 Augusti
575 3847 679 3920 rerba
706 3846 744 3919 in
770 3845 977 3942 Diplnmate
1000 3847 1158 3920 concesso

396 3947 616 4022 Monasterio
643 3943 832 4020 Veronensi
860 3943 978 4038 Sansii
1004 3947 1158 4024 Zenonis

398 4049 490 4144 apud
519 4048 727 4149 Ugbeslium
755 4049 794 4122 in
821 4051 986 4148 Catalog.
1015 4045 1153 4148 Episco-

1273 3329 1351 3399 aaa·
1386 3335 1501 3426 Legem
1538 3338 1814 3432 Langobardorum
1851 3343 1896 3410 ad
1927 3338 2036 3434 publi·

1272 3456 1342 3501 eam
1377 3427 1474 3527 (hoc'
1496 3433 1566 3526 ett,
1595 3437 1636 3510 ad
1664 3441 1824 3540 Regem)
1859 3441 2035 3536 contingere

1269 3551 1416 3627 poterat,
1442 3536 1486 3606 ad
1514 3535 1607 3632 ipsos
1625 3543 1823 3614 Monaehos
1843 3539 2032 3638 spesiaret.

1276 3629 1370 3704 lnsra
1412 3659 1488 3734 pag.
1525 3661 1610 3736 379.
1648 3641 1823 3738 Augustus
1863 3641 1956 3714 idern
1994 3641 2033 3715 in

1274 3735 1387 3806 altero
1424 3739 1613 3838 Praecepto
1646 3741 1849 3836 constituit,
1884 3751 1925 3816 dr
1949 3743 2034 3816 eni.

1274 3839 1401 3907 mannis
1434 3838 1591 3928 feminis,
1625 3869 1705 3940 quas
1739 3845 1805 3929 fibi
1842 3847 2034 3943 pertinentes

1274 3936 1384 4034 (idest
1410 3941 1534 4040 Servi)
1561 3943 1633 4016 buia
1666 3947 1859 4032 Monalierio
1895 3947 2033 4018 ineant·

1270 4037 1363 4135 jugia
1382 4042 1596 4136 sociaverint,
1623 4067 1661 4118 ut
1678 4048 1747 4144 posi
1764 4049 1956 4140 anastasiam
1973 4075 2033 4122 aa·

322 4151 326 4160 '
396 4175 473 4250 pop,
501 4151 774 4225 veronensium,
801 4151 941 4240 Etiam,
967 4149 1088 4248 inquit
1114 4151 1154 4224 il.
1204 4141 1232 4210 E
1274 4147 1368 4215 aaale
1396 4145 1565 4240 spatiare,
1594 4147 1766 4238 semadirrr
1801 4151 1915 4222 Ediiii
1947 4171 2032 4221 terr·

397 4255 455 4340 le,
486 4254 610 4350 plauit
635 4253 755 4340 aossrar
778 4251 947 4345 firmitati
970 4259 1009 4323 de
1037 4259 1154 4326 fama.

397 4353 443 4422 iit
465 4355 605 4445 ejusdem
630 4355 821 4439 Morq'ierii
843 4351 1045 4442 definitiones
1073 4355 1157 4446 sace·

397 4479 452 4540 re,
478 4455 630 4524 videlieet
649 4455 783 4545 feminis
809 4457 960 4545 Liberis,
986 4481 1065 4552 qrtar
1090 4461 1152 4528 sta·
1179 4490 1183 4500 ·

392 4553 426 4625 ir
454 4555 669 4627 Herimannas
692 4577 834 4644 vorant,
868 4583 949 4650 quae
967 4557 1004 4649 se
1024 4557 1160 4647 sanatis

398 4656 496 4736 inus
522 4655 677 4740 Etesesrar
703 4658 747 4726 Θ·
772 4656 963 4742 Monesierii
994 4660 1158 4754 eoprrsave.

395 4761 465 4832 riae
489 4760 558 4831 &a
579 4757 749 4849 [aaudiat
772 4755 1028 4854 praedatrffrrorr
1053 4759 1159 4847 stara·

397 4885 433 4937 ra
467 4869 721 4954 imperatorum,
757 4863 801 4933 o
839 4881 896 4957 prr
921 4853 1031 4951 'sajus
1065 4861 1161 4948 nostri

393 4956 554 5062 precepi
575 4963 816 5054 auiioritatear,
838 4961 1059 5058 supradisiarr
1084 4965 1158 5051 [aa.

396 5065 479 5140 iiam
492 5068 593 5140 irruat
606 5065 843 5141 mviasadisiter
859 5064 1031 5164 prffldtat.
1049 5067 1161 5141 Nem·

1274 4271 1337 4316 rear
1371 4243 1485 4342 (idest
1519 4245 1705 4322 secundum
1742 4253 1855 4350 Leges
1891 4255 2032 4345 Longo·

1273 4347 1454 4446 bardicas)
1474 4347 1522 4432 fic
1547 4375 1596 4421 eos
1620 4353 1729 4448 easque
1755 4354 1914 4426 Monaesi
1941 4353 2033 4447 poffi·

1271 4467 1396 4538 arant,
1432 4449 1556 4550 sibique
1591 4455 1717 4549 proprio
1756 4455 1879 4527 nomine
1911 4453 2032 4532 ‚vindi-

1271 4573 1361 4639 erat,
1396 4574 1490 4648 arque
1523 4553 1713 4645 defendam.
1749 4561 1804 4628 En
1831 4583 1916 4658 ergo
1942 4581 2030 4656 quae

1272 4655 1406 4728 Liberae
1424 4656 1564 4747 feminae
1581 4654 1620 4728 in
1647 4683 1718 4732 uno
1746 4660 1825 4732 loco
1852 4661 2030 4756 appellan-

1272 4775 1355 4845 tur,
1381 4753 1420 4828 in
1445 4758 1559 4832 altero
1581 4757 1810 4848 Arimarrae,
1837 4757 1906 4832 stre
1933 4759 2029 4830 Heri·

1270 4881 1405 4930 raaarrae
1430 4857 1614 4934 dicuntur.
1647 4863 1691 4934 vIn
1719 4860 1851 4936 Caroli
1886 4883 2027 4956 quoque

1270 4955 1381 5034 Crassi
1424 4959 1657 5058 Dipsomate,
1698 4961 1741 5036 ab
1783 4960 1954 5062 Ugbellio
1988 4959 2027 5032 in

1270 5059 1434 5166 Episcop.
1463 5061 1687 5139 Veronensib.
1712 5061 1833 5154 edito,
1869 5064 1904 5134 ἃ
1931 5058 2030 5136 ceti·

1859 5161 1978 5268 getius

2258 5269 2262 5550 l
