4570 6096
421 331 477 417 75
740 295 1131 414 ANTIQUIT.
1183 297 1408 389 MEDH
1458 297 1637 390 AEVI
1888 311 1950 418 76·

361 417 441 506 ab,
476 417 532 488 mr
558 415 715 508 utana,
750 417 884 516 regma
918 417 975 514 ert
1010 419 1127 536 censat.
1153 425 1205 530 pn
1242 419 1297 494 dis
1325 418 1490 522 juncus:
1516 419 1587 495 noe
1612 419 1686 513 est,
1713 433 1755 494 uc
1778 420 1889 520 nugo
1915 419 2005 496 uer.

363 544 453 610 mus,
479 517 568 604 utst
594 519 674 592 mcii
694 519 818 610 suerum
843 521 979 617 reperti,
1004 527 1045 592 de
1068 549 1127 592 mr.

363 618 490 708 afflatio
510 619 569 712 sao
593 619 809 714 abjiciantur.
848 623 991 696 Plenius
1018 623 1127 696 etiam

364 719 506 795 curarit
532 721 725 796 Lotharius
754 727 781 798 1.
805 741 845 797 ut
869 742 1041 823 quantum
1068 722 1130 797 lie·

364 823 397 896 ri
433 822 544 923 posset
579 821 879 900 incommodis&
909 825 1013 900 malis
1051 851 1129 922 pro·

366 921 578 1024 spiceretur,
615 951 704 1022 quae
731 954 774 1000 eac
809 927 940 1027 ineptit
967 945 1028 1002 aut
1063 927 1131 1000 im·

367 1025 488 1125 probis
513 1025 695 1116 Judicibue
722 1027 939 1118 redundant,
978 1030 1131 1127 pronml·

368 1127 449 1228 gard
470 1131 566 1228 Lege
586 1130 853 1228 Langobardicd
875 1135 1005 1206 XCIV.
1025 1155 1131 1229 quant

367 1229 729 1330 integram-accipere
754 1231 934 1306 neminem
972 1231 1129 1332 pigebit:

369 1333 422 1400 De
438 1330 641 1420 judicibus,
668 1329 746 1423 ait,
783 1333 986 1428 inquiratur,
1007 1332 1041 1418 fi
1066 1337 1132 1402 No·
1182 1337 1211 1409 B

1244 549 1348 613 mus,
1386 523 1459 622 jure
1484 525 1626 598 tantitnt
1658 523 1851 594 eerveilorico
1877 521 2004 598 caussae

1243 623 1480 698 dirimebant.
1508 629 1560 699 Ut
1578 643 1777 699 occurreret
1795 650 1923 724 prauae
1943 622 2008 697 hu·

1243 723 1396 826 jusmodi
1433 725 1680 801 consuetudini
1715 725 1923 802 Ludouicus
1959 727 2007 798 11.

1244 826 1421 926 Augustus
1447 833 1581 928 Legem
1618 828 1794 928 protulit,
1831 851 1935 926 quatu
1962 849 2010 900 ex

1244 931 1380 1002 Codice
1419 932 1528 1002 Msto
1567 928 1693 1002 Ellenfi
1735 927 1890 1004 haustam
1926 925 2006 1002 dedi

1245 1055 1322 1128 pag.
1353 1031 1433 1124 156.
1464 1033 1557 1104 Part.
1590 1034 1637 1104 ll.
1664 1029 1776 1104 Tomi
1811 1037 1839 1103 l.
1868 1034 1948 1104 Rer.
1976 1031 2010 1100 1·

1245 1133 1380 1204 talicar.
1407 1131 1493 1229 Ejus
1521 1131 1626 1206 verba
1652 1149 1808 1232 repetere
1833 1129 1914 1204 heic
1941 1127 2010 1202 mi·

1244 1231 1283 1304 hi
1319 1230 1446 1306 liceat:
1489 1239 1541 1306 De
1574 1231 1700 1327 juditio
1738 1253 1844 1305 autem
1873 1237 1904 1322 J
1905 1231 2009 1302 udicis

1245 1354 1312 1406 tam
1332 1333 1512 1431 suequenter
1533 1360 1786 1424 rememoramus,
1813 1334 1891 1430 quia
1909 1331 2011 1403 omni·

370 1430 475 1520 biles,
502 1429 547 1500 (9¹
571 1431 762 1526 Sapientes,
791 1437 835 1504 θ
861 1439 963 1506 Deum
989 1435 1134 1505 timenter
1247 1461 1286 1505 na
1310 1435 1561 1527 consuetudinem
1590 1436 1764 1531 judland·
1801 1433 1917 1529 injuste
1950 1458 2010 1506 au·

371 1528 531 1619 constituti
549 1528 638 1614 sint.
675 1537 724 1604 Et
743 1533 876 1629 jurent,
904 1557 940 1608 ut
961 1535 1059 1629 juxta
1085 1561 1131 1605 eo·

1241 1535 1326 1626 serre
1363 1539 1538 1613 rusumut.
1578 1539 1644 1610 sed
1679 1557 1808 1610 tantum
1839 1536 2011 1629 semediata

371 1657 441 1703 rum
466 1631 713 1727 intelligentiam
740 1637 856 1708 retium
878 1637 1052 1739 judicent3
1090 1637 1134 1709 Φ
1241 1636 1432 1734 scripturam
1460 1639 1634 1735 judicent,
1671 1642 1715 1711 o
1749 1639 1933 1711 nuliatenus
1961 1636 2014 1730 se·

368 1753 426 1830 pro
451 1733 630 1804 muneribuc
653 1737 709 1806 vei
742 1739 882 1813 humana
911 1742 1044 1836 gratia,
1076 1737 1133 1832 ju-

363 1833 491 1921 stitiam
517 1857 577 1903 uon
602 1855 789 1928 pervertant
807 1868 860 1910 nee
884 1842 1037 1933 differam
1047 1865 1062 1906 .·
1088 1842 1133 1908 θ’

370 1939 454 2031 quod
475 1930 717 2026 judicaverint,
738 1937 801 2027 sua
819 1939 1045 2033 subscriptione
1062 1963 1131 2008 con·

362 2032 499 2128 firmare
524 2061 586 2106 nen
610 2035 828 2130 dissimulent.
862 2039 927 2113 Ubi
951 2059 1056 2113 autem
1081 2059 1130 2110 tad

1248 1745 1386 1812 eundum
1423 1743 1594 1814 arbitrium
1627 1742 1747 1834 suum.
1786 1741 1852 1812 Sed
1889 1737 2013 1831 distant

1245 1839 1383 1932 pleniter
1408 1847 1522 1934 Legem
1540 1841 1719 1935 scriptam.
1747 1847 1798 1912 De
1823 1865 1884 1933 quo
1906 1859 2014 1910 autem

1248 1963 1309 2008 uon
1342 1937 1388 2022 est
1415 1939 1560 2033 scripta,
1595 1945 1650 2009 boe
1684 1938 1819 2024 nostrum
1852 1936 2014 2022 eensrlium

1246 2037 1401 2110 habeatur
1435 2038 1470 2109 in
1508 2037 1721 2135 quibusdam.
1766 2041 1890 2134 Neque
1930 2037 2013 2114 satis

372 2142 419 2207 tes
444 2161 505 2207 nan
534 2137 639 2230 sunt,
674 2143 697 2210 a
732 2142 842 2236 Miffis
876 2141 989 2230 nostris
1021 2139 1131 2227 consti·
1250 2135 1318 2210 boe
1346 2135 1416 2214 suit
1453 2138 1678 2238 Principibus
1715 2138 1878 2240 publicae
1913 2137 2015 2214 utili·

371 2257 526 2330 tuantur,
566 2241 611 2311 (θ’
650 2241 733 2314 mem
763 2243 996 2335 sacramentum
1030 2243 1133 2334 sarcre
1172 2241 1204 2312 C
1251 2237 1337 2314 tatis
1379 2243 1414 2316 dt
1454 2241 1645 2340 aequitatis
1683 2241 1906 2316 amantibus.
1947 2237 2014 2339 tpfi

372 2358 548 2437 eoguntur.
581 2345 680 2440 Quod
705 2344 741 2431 st
774 2347 859 2418 vises
891 2346 1062 2443 personae,
1089 2345 1133 2416 (9¹

372 2443 479 2514 minua
505 2443 631 2517 idoneae
656 2446 702 2518 ad
735 2449 789 2519 boe
823 2450 1005 2536 constitutae
1034 2449 1133 2538 sunt,

373 2541 566 2634 ejiciantur.
594 2548 693 2618 Haec
719 2545 800 2636 illi,
826 2551 861 2618 δι
890 2573 1055 2646 perquam
1083 2547 1134 2620 sa·

373 2639 629 2740 pientidimet·
653 2669 742 2742 quae
783 2672 826 2718 an
868 2673 971 2746 opere
1006 2647 1133 2721 deinde

373 2745 551 2843 completa
577 2741 731 2835 fuerint,
757 2743 876 2820 frustra
903 2748 1132 2848 quisquamst

373 2867 431 2917 ute
457 2844 582 2917 rescire
609 2845 723 2918 velit.
759 2847 956 2922 Abundant
980 2850 1015 2921 dc
1043 2867 1132 2922 tent·

373 2969 458 3044 pora
486 2943 597 3020 nostra
623 2946 780 3047 Legibus
807 2945 956 3048 sapienti
986 2948 1133 3026 consilio

373 3043 593 3120 constitutis:
622 3073 694 3147 quo
722 3049 835 3148 postea
861 3049 1033 3127 successu?
1062 3077 1134 3126 cer·
1167 3057 1170 3062 '

372 3145 509 3221 nimus.
547 3153 613 3222 Fas
638 3148 684 3224 cll
708 3151 872 3249 opinari,
909 3152 1058 3228 minime
1084 3152 1133 3227 se·
1178 3142 1211 3212 D

371 3247 499 3322 liciora
525 3250 647 3324 nostris
673 3250 772 3327 fuisse
791 3271 950 3354 tempora
976 3254 1062 3329 illa.
1087 3259 1133 3328 E·

370 3368 427 3424 rat
450 3370 569 3428 autent
594 3355 710 3428 multo
728 3354 767 3428 in
787 3353 920 3431 bonore
938 3373 1025 3432 tunc
1045 3359 1133 3430 Bac·

372 3451 479 3546 cltue,
512 3455 606 3555 quod
636 3460 777 3533 Numen
806 3459 989 3556 praecipue
1017 3463 1132 3558 Popu-

372 3556 403 3631 li
429 3557 468 3632 iu
494 3558 640 3634 Aretois
667 3558 870 3654 regionibus
895 3557 952 3632 stti
978 3583 1072 3632 nunc
1098 3585 1132 3632 e·

373 3657 463 3734 tiam
503 3661 632 3734 intime
671 3657 855 3759 diligunt,
893 3661 930 3732 dt
968 3656 1133 3760 religiose

374 3762 517 3834 colunt.
548 3759 631 3833 lnde
649 3759 897 3858 Langobardi,
923 3758 1007 3835 iude
1026 3766 1131 3835 Fran·

374 3859 409 3934 ei
436 3857 612 3961 profesti,
639 3858 732 3934 sedes
759 3861 797 3935 in
825 3861 930 3936 Italia
956 3861 1133 3964 fixerant3

374 3987 414 4037 ac
434 3961 579 4062 proinde
598 3962 652 4037 nil
678 3961 832 4056 mirum,
860 3961 882 4036 st
911 3964 1048 4064 poctffis
1066 3962 1134 4040 sre-

1249 2339 1555 2432 eosdemJudices
1581 2342 1762 2430 interdurn
1776 2341 1822 2414 ad
1848 2339 1883 2413 se
1907 2340 2016 2414 adro·

1252 2443 1400 2532 cabant,
1426 2445 1462 2515 δι
1491 2461 1632 2543 paterna
1657 2441 1760 2516 fimul
1784 2443 1819 2514 sc
1846 2439 2017 2536 imperio·

1253 2541 1287 2616 sa
1313 2541 1562 2618 adhortatione
1585 2569 1647 2618 eoa
1672 2543 1715 2617 de
1740 2541 1864 2616 officio
1889 2540 2014 2617 debito

1253 2669 1371 2718 coram
1398 2644 1655 2720 admonebant.
1683 2648 1738 2718 En
1765 2642 1851 2742 quid
1878 2643 2015 2720 Lotba·

1250 2744 1325 2818 ciue
1353 2748 1380 2818 Ι.
1406 2745 1610 2846 Augustus,
1636 2746 1720 2822 dum
1748 2744 1786 2820 in
1816 2748 1912 2820 Urbe
1937 2771 2016 2820 ver·

1252 2843 1405 2937 seretur,
1429 2873 1512 2948 erga
1541 2853 1783 2922 Romanorum
1810 2847 1950 2938 Judices
1974 2844 2017 2920 st·

1252 2947 1290 3022 bi
1317 2949 1489 3036 agendum
1517 2948 1758 3048 proposuerit,
1785 2967 1825 3023 ut
1851 2947 1897 3024 cll
1923 2949 1960 3023 in
1979 2975 2015 3023 e·

1252 3050 1307 3150 jus
1333 3054 1430 3152 Lege
1460 3055 1625 3126 XXXIX.
1651 3051 1747 3126 inter
1772 3049 2015 3152 Langobardi·

1253 3177 1346 3228 cast,
1368 3153 1499 3228 Placuit
1523 3154 1634 3245 nobis,
1670 3174 1707 3226 ut
1731 3152 1835 3225 musii
1852 3153 2014 3244 judicet,

1246 3253 1320 3340 seue
1336 3255 1393 3347 hi,
1419 3257 1476 3351 qui
1499 3255 1621 3332 eunsiis
1642 3251 1776 3352 praeesse
1800 3255 1935 3338 debent,
1958 3276 2015 3349 per

1253 3381 1328 3452 quot
1343 3363 1374 3446 J
1375 3357 1525 3432 udieiusie
1546 3353 1681 3449 potestat
1706 3355 1740 3424 in
1766 3353 1824 3424 bae
1843 3357 1924 3424 Urbe
1947 3361 2015 3424 Re·

1254 3481 1305 3528 ma
1330 3456 1387 3550 agi
1418 3455 1531 3544 dedet,
1567 3454 1602 3524 in
1633 3453 1844 3548 praesentiam
1879 3451 2015 3539 nostram

1252 3557 1413 3646 veniant,
1446 3555 1588 3626 volentes
1622 3571 1782 3626 numerum
1817 3554 1862 3624 (θ’
1887 3561 2017 3626 nemina

1252 3683 1355 3730 eorum
1382 3656 1484 3750 scire,
1520 3657 1565 3728 0·
1591 3653 1733 3752 fingusis
1767 3661 1807 3727 de
1841 3653 2014 3741 minisierio

1249 3757 1313 3841 libi
1350 3759 1467 3832 credito
1506 3758 1750 3830 admonitionem
1784 3757 1916 3847 sacere.
1958 3759 2014 3831 Ita

1251 3860 1409 3962 Majores
1428 3856 1553 3934 nostri.
1582 3861 1709 3956 Neque
1732 3856 1925 3932 omittendi
1946 3857 2015 3932 mi·

1252 3961 1292 4036 bi
1318 3961 1398 4037 lunt
1414 3968 1446 4054 J
1447 3961 1550 4033 udices
1568 3960 1712 4044 Datioi,
1738 3985 1889 4056 quorum
1917 3985 2015 4058 prae·

373 4065 564 4164 quentibus
589 4067 688 4139 olim.
712 4063 807 4140 inter
832 4091 892 4140 eos
926 4063 989 4165 ipst
1024 4067 1135 4142 etiam
1179 4067 1210 4138 F.
1253 4063 1357 4164 cipue
1383 4061 1520 4138 mentio
1546 4059 1592 4139 est
1617 4061 1657 4136 in
1682 4059 1830 4138 Chattis
1855 4059 2013 4155 antiquie

374 4165 513 4259 Judicee
538 4167 782 4268 indulgerent.
809 4170 863 4241 At
885 4169 1036 4244 Carolus
1055 4173 1135 4242 Ma·

375 4295 464 4372 gnus
490 4267 637 4368 provide
663 4267 912 4368 conspicatur,
938 4288 1028 4369 quot
1054 4269 1136 4344 inde

373 4370 531 4473 pericula
570 4367 799 4445 imminerent
833 4373 951 4446 lancee
986 4369 1138 4474 justitiae

374 4471 691 4574 pertrabiantibus,
732 4475 830 4571 Lege
869 4471 1137 4572 Langobardica

377 4577 495 4651 xth.
523 4572 667 4648 statuit:
699 4579 742 4644 Ut
758 4572 895 4664 Judiees
913 4573 1027 4668 jejuni
1051 4573 1138 4665 caus·

370 4676 429 4772 sat
462 4676 609 4749 audirent
635 4674 678 4745 θ
702 4672 928 4766 discernerent.
964 4677 1136 4748 Erant&

376 4777 442 4855 alii
468 4775 634 4869 Iudices,
668 4773 733 4874 qui
759 4771 853 4848 nibil
880 4771 943 4848 fibi
969 4774 1138 4876 religioni

376 4880 572 4971 ducebant,
607 4901 712 4951 unam
739 4873 914 4950 rationem
940 4877 976 4950 tc
1002 4875 1138 4951 intelli·

377 4983 533 5080 gentiam
560 4977 684 5071 suam,
720 4975 882 5078 negleSlo
909 4981 1047 5095 Legunt
1073 4976 1137 5052 stu·

377 5079 439 5158 tio
469 5085 506 5161 bc
540 5081 671 5176 dusiu,
707 5079 885 5156 consulere
920 5105 959 5156 tn
993 5079 1136 5157 redden·
1221 5083 1228 5174 Ι

1255 4164 1456 4254 Romanis,
1492 4189 1533 4237 ac
1573 4162 1873 4236 Rauennatibus.
1910 4165 2013 4254 Quot

1254 4293 1347 4340 nunc
1375 4266 1567 4362 Delegator,
1602 4261 1671 4340 stre
1699 4261 1868 4362 peculiari
1894 4261 2017 4336 austo-
2108 4345 2111 4350 ,

1253 4367 1361 4444 ritate
1387 4365 1426 4442 in
1452 4364 1569 4442 caused
1593 4365 1713 4462 atique
1735 4363 1836 4438 datos
1862 4367 2017 4460 appella·

1254 4495 1354 4560 unua,
1390 4467 1417 4542 ii
1455 4465 1595 4544 sortasse
1630 4493 1701 4540 uon
1738 4465 1803 4540 alii
1830 4466 1851 4538 l
1877 4466 2016 4538 Dativia

1255 4570 1371 4646 suere.
1406 4573 1455 4644 Et
1490 4593 1610 4644 eorum
1647 4566 1792 4665 quidem
1830 4593 1954 4642 munus
1979 4568 2015 4642 ἀ

1254 4697 1383 4746 nomen
1419 4669 1480 4748 diu
1523 4668 1774 4770 perdurarunt,
1815 4668 1870 4744 uti
1904 4666 2017 4744 etiam

1254 4771 1463 4850 constabite
1484 4767 1703 4868 subsequenti
1730 4770 1885 4854 Charta,
1909 4779 2016 4864 qudnt

1256 4873 1346 4950 mibi
1372 4871 1612 4974 suppeditavit
1631 4871 1756 4950 Codex
1778 4875 1902 4948 MStuc
1922 4871 2018 4958 Ceu3

1254 4976 1304 5056 cii
1330 4974 1549 5054 Camerarii.
