4570 6096
325 324 407 414 roi
644 313 1133 414 DISSERTATIO
1194 313 1507 409 DECIMA:
1754 321 1845 416 ‘ion'

311 447 385 538 Ego
411 435 557 512 Frarsmi
579 437 629 513 ibi
648 441 727 531 sui.
786 493 789 502 .
1066 449 1114 561 A,
1136 466 1220 515 mare
1243 441 1381 532 vosunr,
1417 437 1493 511 host
1528 435 1574 512 est
1610 437 1810 542 appellare,
1847 443 1902 523 uti

310 547 386 640 Ego
411 543 616 639 Eriprandns
643 544 690 613 ibi
708 541 782 632 sni.
809 542 879 614 &a
1138 541 1371 640 DuaCangius
1398 539 1677 640 interpretatur.
1705 544 1835 620 Itidem
1863 547 1902 623 in

311 643 407 720 Heie
426 643 649 717 interseritur
668 645 777 716 altera
795 643 929 718 Charta
944 643 1025 718 seri·
1139 649 1236 743 Lege
1271 645 1386 717 XCII.
1423 642 1549 717 Caroli
1576 642 1718 746 magni:
1756 648 1797 720 Si
1831 651 1903 747 quir

259 751 322 838 pta
357 755 460 820 Anno
493 745 624 842 Imperii
658 745 779 817 Domni
813 745 909 834 nostri
947 748 1025 817 Hso·
1138 743 1272 841 ranffarn
1293 743 1474 839 judicatam
1495 765 1627 842 reperere
1644 748 1678 818 in
1697 750 1794 819 masso
1808 771 1904 848 prae.

260 847 363 920 ebarii
397 846 507 944 magni
531 849 757 943 Imperatoris,
795 847 957 944 postquam
992 849 1026 918 in
1134 847 1305 940 sumserit,
1330 846 1490 918 duodecim
1517 847 1598 919 iisne
1615 851 1638 918 ὸ
1655 850 1823 943 Scabinis,
1847 855 1905 950 qui

224 1033 225 1036 Ἴ
260 949 365 1020 Iresia
392 945 541 1044 ingressis
566 948 628 1040 ess,
647 953 767 1020 XXIV.
788 951 896 1019 Tertio
915 955 1027 1020 Nonas
1140 945 1274 1043 confflem
1302 947 1402 1044 ipsam
1423 947 1516 1044 prius
1547 949 1789 1042 judicaverint,
1825 957 1906 1026 arri.

262 1049 381 1138 Maii,
410 1047 583 1122 sndisiione
609 1055 668 1122 IX.
696 1047 781 1122 idest
808 1053 919 1122 Anno
941 1053 1025 1146 846.
1136 1052 1230 1148 piar.
1258 1053 1353 1149 Ergo
1380 1047 1418 1120 in
1446 1048 1559 1146 prima
1596 1049 1761 1124 instantia
1787 1052 1833 1126 sis
1860 1055 1903 1128 ad

262 1153 339 1224 Cur
364 1149 431 1223 hoe
458 1149 664 1226 adnotatum
702 1151 837 1242 uelim,
873 1149 966 1225 infra
992 1177 1024 1224 e·
1140 1151 1291 1224 scabinos
1323 1147 1575 1251 deserebatur;
1617 1167 1695 1226 tum
1732 1150 1773 1226 ad
1810 1157 1905 1227 Mas.

262 1251 443 1325 disseram.
472 1255 609 1326 Interea
635 1279 679 1326 ex
706 1250 762 1326 his
788 1252 961 1345 Chartis,
989 1279 1025 1324 u·
1140 1253 1233 1343 sum,
1260 1250 1330 1326 srre
1357 1250 1399 1325 ad
1428 1252 1569 1350 publica
1597 1251 1825 1356 solenniaque
1850 1256 1905 1358 ju·

261 1354 293 1426 ti
317 1379 361 1426 ex
381 1353 485 1440 aliis,
503 1353 671 1428 certiores
691 1351 776 1428 fassi
796 1352 935 1446 sumus,
955 1379 1028 1426 non
1068 1349 1098 1422 B
1141 1353 1255 1446 dicia,
1284 1355 1305 1426 ir
1331 1351 1477 1428 Comite
1504 1353 1574 1428 five
1600 1357 1619 1426 ir
1646 1354 1763 1432 Missis
1783 1357 1905 1456 Regiis

262 1455 337 1556 ejus
364 1449 576 1530 necessitatis
603 1454 704 1530 fuisse
729 1461 855 1551 Septem
877 1455 1026 1527 scabino-
1143 1456 1336 1530 celebrata.
1372 1457 1489 1527 immo
1524 1458 1560 1530 &
1587 1455 1667 1555 ipfis
1703 1459 1810 1533 licuit
1845 1459 1933 1532 ha·-

263 1579 334 1628 rnnr
360 1555 592 1656 praesentiam
619 1556 661 1630 ad
690 1556 849 1648 Placita,
886 1575 926 1631 ut
961 1557 1027 1628 mi·
1144 1558 1224 1630 bere
1261 1554 1423 1630 Placitae
1462 1557 1557 1654 quod
1592 1585 1715 1632 eorum
1752 1559 1907 1662 dignita-

263 1683 345 1734 norr
372 1683 453 1732 curn
480 1683 627 1732 numero
653 1657 827 1731 celebrare
853 1655 938 1731 haec
962 1655 1028 1730 mi·
1145 1676 1218 1731 tem
1244 1655 1472 1730 illustriorem
1507 1657 1615 1732 etiam
1652 1659 1818 1736 exhibere
1845 1689 1908 1736 no·
2005 1715 2014 1736 .

262 1759 362 1833 nime
387 1757 531 1833 liceret.
559 1759 624 1833 Sed
644 1758 737 1855 quod
758 1756 930 1857 ejusmodi
948 1761 1026 1831 Ma·
1146 1757 1200 1832 bis
1228 1756 1362 1857 potest.
1399 1761 1478 1833 Deo
1505 1757 1768 1836 consuetudinis
1803 1763 1907 1862 hujus

263 1859 468 1964 gissratuum
515 1859 765 1933 aussoritatem
813 1859 1029 1960 luculentius
1145 1861 1307 1958 exempla
1327 1857 1419 1932 mihi
1440 1857 1532 1934 forts
1549 1863 1692 1954 oblata,
1709 1881 1748 1938 ut
1766 1869 1832 1964 eg‘o
1853 1868 1909 1940 lu.

263 1961 409 2064 prodere
430 1959 561 2060 potest,
580 1959 652 2034 suit
670 1959 751 2062 ipfis
771 1959 928 2036 tribunal
950 1969 1027 2066 pro·
1147 1962 1269 2035 beuter
1289 1963 1471 2060 amplexus
1491 1959 1588 2052 sum,
1604 1961 1655 2037 ita
1675 1991 1747 2038 non
1767 1964 1906 2066 ingrata

161 2149 165 2156 .
264 2063 380 2165 prium
419 2087 497 2135 curn
535 2061 703 2136 facultate
738 2061 929 2138 dirimendi
965 2061 1027 2136 ali·
1146 2061 1292 2138 Lesiori
1310 2060 1427 2136 sutura
1446 2060 1722 2162 spero.Prioris
1747 2067 1909 2164 archety-

266 2189 351 2263 quas
367 2160 544 2236 causarum
561 2160 709 2261 species.
727 2165 769 2236 In
784 2167 882 2264 Lege
896 2165 1030 2237 LXIV.
1145 2189 1228 2264 pum
1250 2163 1288 2236 in
1308 2160 1406 2262 saepe
1425 2163 1569 2236 laudaro
1589 2165 1751 2240 Archino
1768 2171 1909 2244 Lucen-

266 2263 491 2364 Langobard.
534 2259 702 2336 Letharii
738 2267 767 2337 1.
804 2263 1032 2363 Imperatoris
1074 2259 1105 2330 C
1145 2263 1187 2338 fis
1202 2261 1488 2361 Archiepiscopii
1505 2263 1595 2338 mihi
1616 2265 1816 2343 exhibitum
1839 2271 1907 2362 est,

264 2366 384 2466 agitur
409 2363 453 2437 de
478 2362 678 2456 causidicis,
714 2363 771 2462 qui
795 2391 849 2437 nee
873 2367 919 2438 as
937 2364 1031 2459 judi·
1146 2365 1209 2462 ubi
1244 2382 1314 2438 tres
1348 2364 1481 2436 Scabini
1515 2389 1583 2438 una
1610 2391 1690 2440 eum
1717 2369 1907 2448 Ambrosro

266 2469 349 2542 rium
365 2467 572 2539 scabinorum
590 2463 799 2563 requiescere,
819 2491 873 2538 ner
889 2466 1032 2564 rraspbe·
1145 2463 1296 2542 Lucensi
1321 2462 1500 2567 Episcopo
1525 2467 1704 2544 Placitum
1730 2468 1882 2548 habent.

265 2722 416 2812 Chatta
443 2652 585 2808 i‘laciti
617 2717 797 2808 Lucensis
826 2747 960 2808 coram
996 2645 1197 2834 scabinis,
1224 2715 1266 2806 io
1296 2737 1379 2836 'quo
1408 2719 1677 2808 controversia
1705 2682 1908 2819 dirimitur

275 2955 280 2966 ¹
382 2885 388 2909 ι
482 2839 532 2924 de
562 2839 741 2953 medone
770 2865 902 2925 rerum
932 2837 1114 2925 Racchisr
1144 2835 1387 2951 Presbyteri,
1425 2841 1552 2926 Anno
1586 2841 1686 2956 847.

369 3075 429 3143 Uni
454 3093 530 3160 nos,
566 3067 601 3142 in
636 3072 702 3144 Dei
728 3069 871 3164 nomine,
906 3071 1030 3162 Arrio,
1108 3085 1164 3165 t„
1190 3067 1276 3146 ebisr
1303 3069 1500 3146 Presbite'ri
1526 3071 1607 3148 silio
1632 3074 1811 3172 quondam
1834 3077 1909 3153 eoa

388 3169 934 3270 Adesperto,&Gherimundo
954 3177 1029 3244 Sca·
1068 3167 1101 3234 D
1139 3226 1163 3264 „
1190 3170 1298 3272 sperti
1341 3169 1567 3263 Presbiteri‚
1616 3196 1703 3272 quas
1750 3176 1910 3264 Leuibus

264 3272 342 3348 bini
370 3273 587 3364 adresedenres
614 3273 649 3344 in
674 3273 763 3344 snrhr
798 3272 850 3343 hir
884 3273 1033 3344 Cioirnre
1142 3325 1166 3364 ‚,
1193 3291 1379 3372 pertenens
1405 3271 1560 3348 Ecclesre
1586 3276 1711 3351 Sansie
1730 3279 1848 3352 Maris
1868 3279 1909 3352 si·

263 3381 423 3465 Lucana,
460 3399 528 3445 rum
555 3373 626 3444 viro
652 3373 851 3445 venerabilis
876 3375 1029 3447 Ambro·
1142 3427 1167 3466 ‚,
1194 3391 1232 3448 ta
1258 3374 1467 3472 Campulo,
1486 3369 1596 3450 unde
1632 3373 1715 3450 sum·
1743 3367 1912 3453 Advors-

265 3473 306 3548 sis
332 3473 525 3576 Episcopus
552 3471 646 3548 disse
666 3471 865 3563 Civitatis,
892 3475 1028 3567 reseden·
1143 3529 1167 3565 ,,
1195 3489 1253 3548 tus
1269 3495 1294 3548 .’
1316 3471 1422 3547 Unde
1448 3496 1568 3571 quero.
1585 3473 1780 3574 -h'accipere
1814 3478 1912 3578 justi.

266 3579 354 3649 risrnr
380 3575 536 3669 nobiscnm
561 3577 805 3673 floriprandus,
827 3575 1031 3672 Hisdiperro,
1142 3631 1167 3668 „
1195 3575 1311 3650 tiam·
1348 3573 1571 3672 Respmdesar
1596 3576 1662 3676 sPs⁰
1686 3585 1767 3652 Toto
1791 3582 1913 3652 Advr-

265 3677 439 3776 Osiiperro,
458 3677 700 3768 Tendimnndr,
726 3677 935 3753 Ardimanno
962 3680 1031 3751 &a
1138 3701 1229 3750 rarus
1242 3674 1455 3773 suprascripti
1473 3676 1909 3774 Rarkiprandi·Prersireri,

266 3779 310 3851 Ο·
344 3779 481 3876 reliquos
512 3779 645 3876 piures.
683 3779 837 3874 Venirque
876 3777 923 3850 isi
958 3801 1033 3851 anre
1134 3777 1234 3866 simus
1254 3779 1297 3850 θ
1317 3777 1381 3875 ipse
1398 3781 1578 3850 Andreas:
1596 3831 1621 3873 „
1642 3779 1740 3853 sibet
1760 3777 1912 3855 istisin}

266 3905 322 3952 ars
348 3881 510 3977 Wirringo
536 3885 731 3953 Advorarns
756 3875 891 3964 Ecclesia
916 3879 1033 3952 sanese
1142 3935 1167 3972 ,‚
1194 3879 1388 3980 ehiprando
1424 3877 1624 3953 Presbiter'o
1658 3881 1692 3954 8r
1730 3905 1797 3981 ego
1831 3885 1912 3958 An.

266 3981 400 4068 Maris,
419 3977 484 4066 stro
508 3981 570 4052 sorr
595 3983 773 4078 Campnsr,
795 3980 959 4078 pertinens
984 3983 1034 4052 E·
1143 4035 1168 4076 ‚,
1195 3979 1298 4072 drea,
1325 3978 1445 4079 portio
1472 3981 1595 4070 rebuS,
1614 3980 1679 4086 qui
1703 3980 1773 4055 fuit
1794 3981 1912 4058 eidem

263 4081 440 4181 pisrrparrri
451 4080 580 4155 ‘Sassia'
606 4083 751 4155 Martini
786 4078 876 4170 istim
902 4073 1032 4155 Cioira-
1067 4061 1100 4138 Ε
1144 4072 1177 4174 ,,’
1197 4079 1358 4156 Racesrisr
1386 4073 1610 4184 Presbitsro,
1645 4099 1688 4155 eo
1711 4067 1810 4182 cuod
1836 4069 1912 4185 ipse

266 4181 310 4256 ris
337 4178 504 4272 Lucensis,
541 4185 586 4255 Θ·
610 4185 678 4257 asia
701 4204 794 4281 parre
829 4185 1031 4281 Racbipran·
1144 4237 1170 4276 „
1197 4179 1358 4259 Racchisi
1384 4180 1586 4256 Presbitero
1602 4181 1716 4257 nosser
1732 4183 1813 4278 fuit¹
1829 4210 1912 4286 pro-

265 4285 307 4357 dr
333 4289 516 4378 Presbytero
542 4287 586 4355 (9·
613 4289 766 4358 Andreas
780 4287 965 4384 germanis,
983 4283 1031 4370 st·
1144 4337 1170 4378 „
1196 4283 1324 4388 pinqui
1343 4284 1379 4356 δε
1398 4299 1578 4383 parentes:
1599 4277 1634 4357 ἃ
1654 4284 1814 4384 Legibus
1832 4285 1912 4384 sub·

265 4385 334 4457 mus
358 4392 438 4456 Tiro
463 4387 658 4459 Assinaros
683 4389 785 4458 eidem
808 4387 1033 4484 Rachiprantsr'
1145 4441 1170 4480 „
1198 4385 1384 4462 cessionem
1410 4409 1534 4460 ornnes
1547 4411 1612 4459 -res
1631 4385 1735 4460 nobis
1754 4387 1910 4486 pertinet

265 4485 464 4574 Pressiteri,
502 4491 658 4561 siendum
692 4488 830 4580 inrerse
854 4491 1028 4562 altercatio·
1146 4543 1171 4581 „
1198 4489 1241 4562 ad
1267 4485 1555 4562 hereditandum.
1582 4488 1719 4562 Dicebas
1737 4487 1807 4586 ipse
1821 4493 1911 4562 Wrr·

262 4617 362 4678 nem,
387 4588 554 4660 dicendum
580 4590 671 4662 nasis*
691 4589 852 4688 Wirringr
876 4594 1030 4664 Advoca-
1146 4645 1172 4683 „
1198 4591 1288 4687 ringo
1297 4616 1313 4661 .·
1348 4595 1423 4662 Vos
1449 4585 1646 4682 derebus,
1672 4589 1735 4690 qui
1750 4586 1832 4666 suit
1857 4589 1912 4665 ei·

263 4716 318 4767 nrs
336 4687 549 4785 suprascripre
573 4691 665 4762 Ense
679 4716 708 4760 re
742 4691 859 4764 Sansie
896 4694 1032 4766 Marios
1109 4697 1172 4784 2„
1199 4691 1279 4765 dern
1296 4686 1908 4784 Racchisi-Pressiiteri,nussa·aberc

267 4849 292 4888 „
319 4791 383 4867 isse
411 4790 658 4892 Rachiprando
683 4792 882 4868 Presbitero
899 4797 935 4867 δι
955 4795 1031 4867 An·
1143 4839 1168 4884 -‚,
1195 4790 1351 4884 debetis,
1377 4815 1420 4866 eo
1439 4793 1534 4890 quod
1554 4792 1633 4892 ipse·
1648 4783 1806 4872 Ra'cesaisi
1829 4795 1910 4863 Pro·

267 4926 292 4988 ·„
316 4895 416 4970 dreas
441 4893 627 4996 germanis·
653 4896 758 4969 abent
793 4893 917 4998 injuste
954 4919 1032 4994 por·
1143 4947 1168 4985 ‚,
1195 4893 1319 4968 sbireri
1345 4891 1442 4968 suam
1473 4894 1676 4994 portionem
1698 4890 1842 4968 offeruit
1859 4890 1911 4966 ei·

268 5039 292 5088 ς,
316 4997 372 5072 tio
397 4997 523 5090 rebus,
549 4993 614 5097 qui
641 4993 713 5082 suit
738 4998 916 5100 quondam
945 5001 1034 5072 Rae·
1144 5015 1170 5090 ,',
1195 4994 1277 5170 <seg
1296 4993 1449 5071 Ecesefic
1468 4995 1593 5072 Sansie
1606 4992 1805 5090 Maris-per
1818 4991 1911 5170 fian,

213 5103 216 5112 ’
321 5139 324 5148 -
916 5131 919 5139 =
1328 5121 1350 5192 ,²⁶
1720 5141 1757 5184 0,
1776 5106 1816 5166 tu
