4594 6070
328 421 411 506 ²57
602 377 1610 484 nossnnrnrroonntcrnm
1761 399 1843 506 258

199 585 202 590 ,
271 507 353 578 inter
375 533 426 580 eor
447 505 550 604 postea
570 508 660 599 fule,
695 511 778 605 qood
805 507 839 593 fi
856 509 897 600 su
936 509 1030 602 aseri·
1068 507 1103 580 A
1143 502 1238 576 inter
1272 499 1442 603 figmenta
1469 500 1746 596 amandandum,
1787 515 1902 580 Notae

267 629 344 705 ptos
368 609 562 706 Episcopur,
597 611 653 680 vel
672 613 752 702 June
780 610 866 702 succe
891 639 925 681 or
948 614 1030 684 tulo.

268 710 313 781 rie
334 713 495 810 prefatum
522 716 677 784 feodum
700 712 843 808 prediolo
867 715 1031 805 Noedilo,

269 813 325 883 uel
344 814 414 906 suis
428 811 548 906 ofiliis,
566 813 640 899 stne
664 813 810 886 eonviila
833 815 927 912 errlpa
952 821 1030 888 Fen·

269 917 346 984 elom
368 915 523 1011 perdendi
545 915 710 1012 obligavit
728 915 785 1008 se,
814 915 889 1009 som
917 915 1029 1010 succes·

266 1012 353 1106 serres
376 1012 432 1110 effe
444 1067 620 1090 .........
648 1018 771 1088 nomine
793 1037 874 1114 pene
899 1020 1032 1091 Libram

271 1136 370 1188 mnam
394 1119 468 1190 aceri
494 1118 630 1211 oprimi.
666 1123 705 1190 in
728 1119 889 1215 presentia
916 1120 1027 1216 snpra·

264 1215 451 1312 scriptorum
476 1217 600 1304 sellium
621 1219 766 1316 prediola
799 1227 927 1294 Damna
952 1227 1031 1293 Ma·

270 1318 358 1390 tilde
385 1319 464 1410 fecit
487 1317 593 1409 finem
617 1324 658 1393 de
680 1324 909 1418 prenominatis
943 1327 1033 1408 reone

1142 603 1236 696 ipsae
1261 603 1570 704 chronologicae,
1606 631 1646 679 ac
1682 603 1902 706 potiffimum

1143 705 1321 781 Historica
1346 705 1558 782 documenta
1583 705 1780 782 evincunt.
1817 715 1904 786 Fru-

1141 807 1206 881 stra
1231 832 1373 907 quoque
1396 827 1502 906 agat,
1525 805 1697 906 ‚quisquis
1732 811 1781 884 Di
1808 813 1906 888 loma

1141 908 1314 984 Bobiense
1349 907 1502 1009 ejusdem
1532 911 1657 984 Caroli
1686 913 1756 986 Cra
1785 937 1799 986 1
1827 917 1904 988 Au.

1141 1009 1252 1110 gusti,
1278 1014 1389 1086 Anno
1408 1009 1541 1086 Christi
1560 1013 1901 1090 Dcccuxxxnr.

1142 1129 1182 1184 ut
1208 1109 1344 1204 fertur,
1368 1111 1514 1206 datum,
1549 1111 1756 1212 editumque
1781 1113 1825 1187 ab
1853 1121 1906 1189 U.

1142 1212 1276 1312 gheliio
1312 1217 1420 1288 Tom.
1453 1239 1490 1309 4,
1527 1213 1652 1288 Italiae
1687 1219 1832 1304 Sacrae,
1866 1221 1903 1290 δι

1142 1317 1181 1387 in
1210 1309 1364 1388 Bullarii
1392 1315 1569 1390 Casmens.
1605 1319 1715 1391 Tom.
1744 1339 1777 1396 2,
1803 1319 1824 1390 l
1850 1317 1906 1394 su-

270 1419 308 1490 ia
330 1447 426 1492 mana
451 1423 571 1492 Domni
597 1422 756 1514 Landulfl
779 1425 929 1520 Episcopi
951 1429 1034 1521 quoa
1074 1415 1101 1486 Β
1142 1414 1299 1516 spicione
1333 1414 1408 1489 falfi
1436 1417 1617 1492 vindicare
1649 1435 1816 1494 conetur.
1855 1425 1906 1494 U.

269 1522 410 1618 ampliore
435 1548 496 1594 non
530 1544 681 1619 agerent,
718 1549 815 1620 neque
839 1525 1031 1617 consonent,

271 1647 370 1718 nequa
395 1621 492 1719 ipsa,
526 1651 624 1722 neque
652 1625 709 1718 sni
732 1625 858 1696 heredes
882 1627 1035 1720 adversus

271 1721 465 1813 Ecclesiam,
491 1750 590 1822 neque
614 1727 772 1814 Paslorem
797 1727 954 1818 Ecclesie,
979 1729 1036 1800 vel

272 1824 324 1894 nri
350 1823 411 1920 ipfi
434 1827 605 1916 dederint,
628 1849 687 1925 pro
712 1833 821 1900 timore
846 1831 912 1902 Dei
937 1831 981 1901 Ο·
1000 1857 1032 1903 a·

273 1925 356 2000 nime
376 1929 435 2017 sue
459 1930 654 2003 remedium.

323 2031 397 2123 Ego
422 2030 610 2101 Dominienr
642 2031 736 2103 Sacri
768 2033 898 2106 Palatii
931 2039 1033 2107 Nota·

274 2128 343 2248 pius
353 2128 494 2322 spepipsi,
522 2131 566 2202 (θ’
583 2132 805 2224 subscribendo
820 2137 975 2232 complevi
993 2137 1037 2206 Θ

274 2247 359 2299 anter
394 2257 427 2302 r.

1143 1517 1255 1591 tinam
1285 1513 1414 1618 poliam
1441 1521 1475 1592 δι
1502 1545 1569 1620 ego
1595 1519 1690 1594 idem
1718 1520 1906 1621 praestare,

1142 1636 1351 1718 gratumque
1386 1619 1546 1696 animum
1582 1645 1700 1696 meum
1732 1649 1814 1722 erga
1841 1623 1906 1700 hu.

1144 1717 1360 1794 maniffimos
1379 1719 1569 1814 Bobienses
1587 1721 1809 1816 Monachos,
1831 1723 1908 1799 son.

1142 1821 1309 1919 &umque
1335 1821 1441 1896 illum
1468 1823 1587 1898 locum
1615 1823 1680 1898 hac
1706 1825 1815 1900 etiam
1847 1854 1908 1901 oc·

1143 1921 1276 1996 castone
1310 1922 1449 2000 testari.
1489 1927 1554 2000 Sed
1591 1925 1693 2000 nobis
1731 1927 1905 2004 continuo
1959 1945 1961 1955 '

1142 2042 1313 2124 reponent
1358 2025 1501 2102 Eruditi
1545 2011 1730 2102 emunuae
1774 2029 1907 2124 natis,

1144 2127 1228 2200 tunc
1264 2125 1467 2201 inauditum
1503 2125 1604 2202 fuine
1639 2128 1804 2206 investite
1841 2133 1909 2208 ali·

1143 2253 1248 2327 quem
1285 2226 1361 2322 jure
1394 2229 1588 2302 honorabilis
1622 2235 1753 2324 Fendi,
1782 2231 1836 2306 uti
1870 2237 1908 2308 δι

327 2335 366 2402 1„
402 2335 470 2402 Det·
502 2333 648 2426 nmine,
683 2343 787 2408 ,Am
820 2337 944 2426 Christi
977 2341 1032 2409 M.
1075 2339 1107 2411 C
1145 2331 1293 2403 titulum
1320 2327 1508 2414 Censtliarii
1534 2329 1653 2418 nostrae
1687 2335 1907 2430 Signardree,

274 2435 490 2504 CLXXVIH.
531 2439 720 2532 temporibus
753 2440 940 2512 Alexandri
972 2445 1036 2512 Pa·

273 2552 358 2630 poe,
394 2534 439 2604 θ
467 2535 615 2606 Federici
648 2541 872 2632 imperatoris,
904 2541 960 2612 die
996 2549 1037 2615 Χ.

275 2655 404 2706 amunte
442 2635 566 2721 Mensis
590 2639 728 2729 Junii,
764 2641 944 2710 indiilione
979 2647 1036 2712 ΧΙ.

277 2737 425 2808 Ferrarie
450 2736 599 2808 inclamo
632 2739 802 2836 Eprlcrpi,
836 2765 892 2837 ego
926 2741 1035 2812 Horri-

272 2837 341 2922 fios
367 2837 432 2910 Dei
460 2839 574 2933 gratia
602 2839 713 2932 senile
738 2842 950 2928 Ferrarienfis
976 2848 1035 2914 Ee·

277 2937 363 3022 tlefie
388 2941 544 3010 Notarius
570 2941 623 3010 boe
657 2941 901 3026 instrumentum
925 2967 1035 3014 ereren·

278 3038 375 3110 ticum
398 3041 440 3109 de
464 3039 567 3116 veteri
592 3039 628 3110 in
654 3067 735 3110 novo
761 3043 956 3135 transcribo,
987 3072 1061 3134 nec,

1145 2447 1185 2504 ut
1220 2430 1357 2529 reliqua
1390 2429 1586 2521 omittam,
1623 2457 1712 2528 quae
1739 2459 1810 2508 oon
1837 2437 1909 2510 Ca·

1145 2532 1214 2606 toli
1241 2529 1377 2623 Crasti,
1413 2530 1469 2604 sed
1505 2531 1705 2632 posterioris
1742 2533 1822 2608 aevi
1860 2537 1910 2610 ri·

1146 2652 1222 2704 tum
1253 2634 1379 2706 olent.
1414 2633 1466 2706 Et
1499 2634 1609 2707 etiam
1636 2633 1679 2708 de
1705 2635 1822 2710 caussa
1857 2639 1909 2712 al-

1147 2751 1260 2808 terum
1299 2733 1497 2830 Diploma‚
1533 2733 1701 2810 Lotharii
1738 2736 1908 2814 videlicet

1149 2831 1261 2908 Primi
1297 2832 1392 2907 inter
1423 2833 1620 2934 Augustos,
1654 2838 1910 2940 {Margaritae

1147 2935 1352 3034 evulgatum
1391 2961 1468 3038 pag.
1498 2959 1556 3034 27.
1584 2963 1694 3030 nuper
1720 2945 1909 3018 memorati

1148 3035 1260 3110 Tomi
1300 3059 1335 3109 2.
1373 3037 1525 3112 Bullatii
1566 3033 1722 3114 Casrnel.¹
1753 3043 1913 3139 explose-

142 3141 145 3150 '
275 3142 352 3235 plns
385 3137 531 3232 minusue
565 3139 600 3212 in
634 3141 694 3212 bac
718 3146 821 3214 Carta
856 3144 1040 3213 novationis

1149 3151 1231 3206 runt
1271 3135 1439 3228 Eruditi,
1481 3138 1633 3232 datum,
1673 3159 1713 3216 ut
1754 3141 1911 3238 dicitur,

279 3240 407 3338 defigere
425 3269 448 3330 ;
486 3243 567 3337 qood
604 3242 704 3340 reperi
742 3245 829 3340 epod
866 3245 1039 3317 Alienum
1081 3241 1112 3308 D
1150 3239 1259 3308 Anno
1282 3236 1415 3312 Christi
1443 3241 1713 3320 DCCCXLVI·
1742 3270 1851 3343 quum
1871 3247 1911 3324 in

280 3347 438 3440 quondam
465 3343 600 3434 fratrem
635 3345 795 3442 qugini
820 3343 934 3440 filium
958 3349 1037 3418 Gai.
1149 3363 1192 3411 eo
1237 3340 1434 3437 Imperator
1473 3343 1691 3420 Hilduinum
1730 3347 1911 3423 Abbatem

279 3445 376 3536 nardi
399 3445 439 3516 de
464 3445 633 3518 Nordilio.
863 3525 871 3534 ³
1147 3439 1219 3531 jare
1243 3439 1435 3513 bennolilis
1460 3447 1567 3515 feodi
1590 3445 1757 3522 investiat
1775 3447 1818 3523 de
1840 3453 1913 3526 Co·

330 3544 600 3645 frequentiores
635 3544 760 3622 deinde
794 3547 833 3622 in
867 3549 1039 3626 Archivis
1152 3541 1281 3616 miratu
1308 3541 1490 3618 Boblensl·
1527 3549 1586 3622 Ad
1612 3575 1670 3624 me
1705 3549 1799 3648 quod
1827 3551 1912 3626 atti·
1991 3553 1997 3565 '

279 3648 403 3722 offerre
427 3645 463 3722 se
488 3648 669 3750 incipiunt
704 3651 872 3744 tabulae,
907 3651 1032 3728 formu·
1152 3659 1233 3735 ¹¹⁶²,
1269 3641 1376 3718 sssflus
1403 3648 1510 3718 ΓΜ
1534 3651 1771 3742 V⁰⁰³b¹¹l¹¹m2
1807 3653 1911 3754 tique

280 3749 325 3820 lis
352 3749 438 3822 benc
465 3751 645 3852 conceptis
672 3757 817 3823 Feudam
840 3755 1034 3852 expe-imen-
1151 3746 1302 3821 adnexas
1318 3747 1579 3850 obligationes,
1605 3753 1793 3828 invaluifl'e
1812 3781 1909 3830 reor.

280 3865 355 3939 tes,
380 3852 401 3922 ὲ
427 3851 555 3948 quibus
577 3853 1037 3930 unamexEstensnChar·
1155 3853 1277 3947 Neque
1313 3851 1453 3950 praedit
1489 3857 1656 3947 tantum,
1692 3855 1810 3930 led&
1846 3855 1910 3960 ipfi

280 3950 478 4048 tophylacii
505 3956 706 4054 apographo
732 3955 845 4047 dabo,
872 3955 1036 4056 scriptam
1150 3951 1379 4044 Comitatus,
1414 3955 1621 4046 Moechiae,
1656 3959 1691 4029 δε
1729 3959 1910 4054 Ducatus,

280 4055 390 4125 Anno
414 4053 547 4128 Christi
583 4058 776 4130 MCXXX.
802 4057 839 4132 in
871 4057 1036 4135 Differta.
1150 4051 1271 4126 senlim
1291 4052 1402 4127 titulo
1421 4055 1565 4130 feudati
1593 4074 1718 4154 coepta
1743 4059 1823 4134 sunt
1841 4079 1912 4136 tta.

280 4153 381 4228 tione
408 4157 578 4229 xxxffl.
605 4159 645 4228 de
669 4159 794 4254 (trigon.
832 4165 944 4237 Verum
971 4167 1038 4234 tea·
1083 4167 1111 4238 E
1149 4153 1207 4226 di.
1235 4156 1370 4252 Regum
1391 4156 1592 4254 quoquead
1612 4161 1814 4260 exemplum
1836 4165 1911 4238 Du·

279 4256 435 4330 litarem.
473 4257 590 4347 Dixi,
626 4258 782 4332 nondum
813 4261 905 4337 mihi
940 4263 1038 4338 obla·
1149 4277 1234 4345 ας,
1261 4253 1515 4346 Μθῐΰῖἱῖῡῦθδ,
1541 4258 1727 4346 Comites·
1764 4261 1934 4361 pariter-¹

280 4374 357 4432 tum
389 4353 490 4432 fuiffe
515 4359 727 4434 uocabulum
764 4365 871 4440 Ferdi
904 4363 943 4438 in
971 4365 1037 4440 mi·
1149 4381 1217 4454 que
1243 4353 1410 4456 Episcopi
1436 4358 1671 4452 &Abbates,
1698 4359 1760 4438 srbi
1789 4361 1912 4460 Vaffal.

279 4459 378 4532 nime
404 4459 521 4534 dubiis
545 4462 788 4536 monumentis
823 4481 904 4539 ante
935 4469 1037 4540 Secu·
1148 4459 1196 4530 1⁰5
1221 4481 1423 4556 comparate
1449 4462 1592 4553 Perdis,
1628 4461 1696 4538 hoc
1732 4463 1778 4540 cll
1814 4491 1911 4566 prae·

281 4559 355 4633 ium
384 4565 447 4634 nt.
473 4561 549 4656 Qui
575 4562 670 4638 secus
697 4579 843 4664 putant,
871 4565 1037 4658 videant,
1148 4559 1245 4652 diis,
1279 4557 1350 4634 stre
1375 4560 1539 4636 Castellis
1574 4564 1726 4640 conlatis
1752 4593 1824 4642 non
1848 4567 1910 4644 de·

280 4685 364 4736 num
393 4663 567 4763 legitimis
585 4665 717 4740 tabulis
743 4664 924 4742 nitantur.
950 4671 1038 4744 Gol·
1084 4715 1085 4724 κ
1147 4659 1301 4736 fierunt·
1339 4667 1439 4735 Hom·
1463 4665 1499 4738 ἃ
1525 4666 1630 4738 Mller
1664 4666 1843 4767 alicujus,
1878 4669 1910 4743 i·

279 4764 389 4839 dalius
414 4765 558 4863 quidem
593 4767 718 4842 Caroli
750 4767 865 4842 Craffi
899 4769 1039 4844 Consti·
1145 4761 1227 4838 clem
1254 4762 1494 4864 fignifieabtt,
1530 4785 1638 4865 atque
1665 4767 1843 4864 ramerus.
1869 4773 1907 4844 A

279 4869 458 4941 tutionem
498 4867 612 4942 edidit
646 4873 687 4940 de
721 4871 934 4968 Expeditione
971 4879 1037 4944 Re·
1148 4865 1352 4941 Senioribus
1386 4885 1526 4959 turm,
1562 4867 1586 4940 fi
1621 4885 1721 4943 tanta
1756 4871 1808 4944 eie
1832 4889 1909 4946 erat

279 4997 375 5042 mana
399 4973 510 5045 Anno
538 4971 753 5046 DCCCXC.
780 4971 818 5045 in
842 4997 913 5072 qut
941 4971 1041 5045 Feodi

280 5072 437 5150 mentio.
465 5070 529 5147 Ast
553 5072 679 5164 illam,
706 5093 746 5149 ut
764 5072 853 5149 alibi
877 5073 1039 5174 ajebam,

1149 4967 1317 5067 potestas,
1346 4966 1443 5060 saepe
1469 4971 1523 5069 jus
1551 4969 1729 5143 sanpuinis
1756 4970 1795 5042 in
1822 4971 1910 5044 Vas.

1642 5093 1706 5144 ane
1731 5093 1804 5141 rem
1832 5071 1909 5149 ani.

1697 5167 1858 5244 madver.

1148 5069 1255 5242 {alitos
1280 5067 1518 5145 deferebatur.
1548 5073 1590 5144 In

1279 5191 1301 5242 2
