4550 6072
319 423 406 522 473
547 503 550 512 ,
643 409 1018 498 DsSdERTATlO
1055 407 1517 498 TERTIADECIMA.
1755 426 1844 524 476

258 523 309 600 tis
344 523 424 600 suae
458 525 551 620 esse,
587 545 629 604 ut
663 529 803 630 quandp
830 527 1022 626 Imperium
1059 529 1090 600 A
1134 527 1323 598 calamam
1342 529 1476 626 speciem
1495 527 1679 626 significari
1704 527 1903 619 manifestum

259 625 360 702 suum
387 626 426 702 in
452 628 522 703 tria
550 634 671 732 Regna
707 629 857 730 partitus
883 629 1021 720 suerat,

237 727 498 831 ⁸diuiseratque
525 731 639 805 tribus
664 731 733 806 suis
761 732 894 824 Filiis,
931 732 1022 807 nulli

259 831 449 906 bominum
476 831 688 908 Liberorum
716 833 824 910 liceat
842 855 949 908 contra
966 862 1019 908 uo·

261 935 418 1006 luntatem
444 934 579 1006 Domini
606 936 688 1028 sui,
724 953 824 1010 extra
862 941 1022 1038 Regnum

260 1031 461 1136 proficisci,
488 1055 594 1134 atque
610 1035 699 1112 alibi
726 1037 839 1111 sedem
866 1037 962 1112 suam
982 1036 1020 1111 fi·

260 1161 361 1238 gere:
390 1133 475 1208 binc
502 1136 598 1211 enim
622 1135 816 1214 discordiae
839 1139 934 1214 inter
956 1143 1021 1214 Re·

120 1305 123 1312 .
246 1263 321 1338 ,ges
356 1235 724 1338 suboriripoterant.
761 1248 815 1314 lta
839 1242 890 1322 jn
925 1243 1022 1340 Lege

217 1350 228 1373 '
263 1361 348 1436 177.
385 1335 574 1432 Rorharis,
612 1345 726 1416 Libero
759 1344 881 1414 bomini
915 1343 1022 1417 liceat

1136 631 1179 716 esi
1204 631 1316 701 mustis
1342 659 1379 701 eae
1406 630 1647 718 instrumentis.
1683 630 1791 726 Quod
1817 629 1903 704 Arl-

1136 731 1269 804 mannia
1297 757 1359 832 pro
1385 733 1533 804 Familia
1558 730 1735 806 interdum
1763 729 1906 825 usurpa·

1139 849 1175 905 ta
1202 831 1331 924 suerit,
1368 832 1552 908 consentio
1578 835 1613 906 δι
1640 859 1729 1006 epo.
1766 835 1903 908 Verum

1137 935 1337 1008 Arimaaaas
1364 934 1464 1009 suisse
1489 939 1632 1024 Servos,
1675 961 1717 1008 eu
1744 937 1903 1026 calmas,

1138 1034 1206 1110 hoc
1248 1061 1428 1136 perneg03
1472 1034 1761 1134 manifestumque
1802 1036 1903 1112 brevi
2051 1089 2057 1100 ·

1138 1137 1228 1238 erit,
1265 1137 1382 1212 vitum
1410 1136 1649 1213 dodliliimum
1677 1136 1756 1212 heic
1783 1139 1802 1211 a
1829 1136 1905 1212 sco·

1139 1265 1186 1340 po
1221 1239 1415 1331 aberrasse,
1452 1266 1565 1338 neque
1602 1237 1833 1313 Inlirumenta
1859 1239 1902 1314 ab

1138 1365 1182 1412 eo
1217 1339 1386 1440 produsla
1428 1341 1623 1440 quidquam
1665 1339 1823 1414 conserte
1859 1339 1903 1414 ad

192 1441 199 1454 '
261 1441 398 1536 migrare
420 1445 479 1536 qul
501 1443 660 1531 uoluerit,
687 1461 845 1518 attamen
864 1447 952 1516 intra
969 1447 1021 1514 do·
1066 1439 1092 1509 Β
1138 1439 1311 1542 ejusmodi
1335 1442 1543 1543 opinionem
1569 1441 1804 1535 slatuendam.
1831 1445 1904 1516 Ita·

260 1541 396 1614 minium
422 1542 532 1638 Regni
557 1546 672 1630 naslei.
701 1549 826 1644 Neque
852 1571 933 1619 cum
960 1545 1023 1618 isto

261 1647 350 1741 Cap.
376 1647 410 1718 8.
434 1641 651 1719 miscendum
677 1649 796 1741 Caput
822 1645 1023 1738 decimum,

262 1743 325 1818 ubi
360 1741 517 1842 legitur:
558 1748 773 1848 Unusquisque
806 1749 920 1821 Liber·
938 1749 1024 1820 boma

258 1844 326 1942 posi
345 1863 472 1915 mortem
490 1848 622 1918 Domini
641 1849 697 1940 sni
721 1851 883 1922 licentiam
908 1850 1024 1924 babeat

255 1949 292 2038 se
317 1948 554 2020 commendandi
580 1949 664 2020 inter
688 1947 781 2048 (state
805 1950 925 2048 intra)
951 1952 1026 2022 baec

261 2048 328 2118 tria
347 2055 463 2143 Regna
481 2051 527 2122 ad
547 2060 768 2150 'quemcumque
784 2053 943 2125 voluerit.
968 2053 1023 2124 Si·

262 2147 383 2222 militer
406 2151 451 2218 U*
477 2150 555 2240 ille,
581 2155 637 2248 qui
662 2157 799 2225 nondum
825 2155 924 2227 alicui
945 2181 1020 2225 com·

263 2249 430 2320 mendams
447 2248 507 2336 esl.
528 2249 624 2324 ldern
645 2249 752 2327 etiarn
774 2253 922 2328 babetur
935 2258 1024 2354 Cap.

261 2373 299 2448 9.
326 2347 510 2424 divisronis
536 2353 683 2454 Imperii
719 2353 831 2430 saliae
857 2357 877 2428 l
903 2355 1023 2430 Ludo-
1061 2345 1093 2417 C

261 2449 347 2524 vico
389 2450 455 2524 Pio
490 2454 581 2552 apud
621 2457 808 2532 Baluzium
849 2461 959 2533 Tom.
997 2460 1025 2532 1.

262 2577 341 2652 pag.
360 2551 455 2672 .⁵7.⁶‘
482 2553 768 2652 capitularium.
795 2563 851 2633 At
874 2558 1025 2678 minime

261 2679 305 2728 ex
333 2653 390 2728 ltts
415 2651 658 2746 inserendum,
693 2683 820 2733 omnes.
842 2663 932 2732 oltm
960 2665 1023 2734 Lt-

262 2754 363 2830 beros
402 2752 566 2831 homines
607 2760 780 2835 vassallos
820 2759 950 2852 fuisse,
989 2761 1023 2834 dc

262 2881 335 2929 non
363 2853 415 2929 sui
443 2856 556 2955 juris3
595 2859 651 2931 sed
678 2861 715 2933 id
742 2865 881 2936 tantiam
910 2864 952 2936 de
978 2861 1025 2937 iis

264 2953 482 3041 dicendum,
518 2954 581 3048 qui
608 2954 790 3028 famulitio
817 2962 967 3055 alicujus
994 2963 1027 3033 se

264 3052 300 3128 se
328 3050 450 3152 sponte
476 3052 678 3145 tradentes,
714 3053 819 3130 sidem
847 3055 941 3130 suam
970 3063 1027 3131 Se·

264 3151 361 3230 niori
388 3152 498 3227 alicui
525 3152 758 3256 obligabant.
785 3161 833 3230 Et
859 3156 938 3232 sane
964 3158 1027 3258 qui

263 3255 487 3330 Commendati
521 3253 753 3354 in‘antiquis
788 3257 933 3334 Chattis
969 3286 1026 3360 ap·

266 3358 471 3458 pellantur,
507 3353 535 3430 ii
568 3358 774 3457 plerumque
800 3359 1027 3460 intelligendi

265 3456 390 3536 Liberi
418 3455 602 3548 homines,
629 3459 692 3556 qui
716 3447 872 3558 alique'm
899 3459 962 3536 fibi
988 3461 1027 3536 in

264 3567 439 3634 Paternum
457 3555 528 3632 stve
544 3559 704 3630 leniorem
723 3579 950 3662 acceperant,
976 3581 1027 3638 at·

265 3688 333 3760 que
361 3659 461 3733 illius
488 3657 521 3734 se
549 3657 582 3733 se
611 3661 813 3759 patrocinio
849 3689 1026 3738 commen·

265 3763 412 3850 darant,
448 3785 571 3834 eorum
596 3786 723 3854 nempe
750 3763 897 3838 Valsalli
924 3767 959 3838 δι
987 3764 1026 3838 si·

265 3863 360 3938 deles
396 3859 535 3935 effecti:
574 3861 637 3960 qui
672 3865 708 3938 dt
744 3864 807 3964 ipsr
845 3883 1027 3964 propterea

265 3991 338 4041 non
376 3959 577 4036 desinebant
612 3963 678 4039 else
719 3966 871 4042 Nobiles
910 3965 1025 4043 homi·

264 4093 348 4158 nes,
375 4089 415 4136 ae
441 4061 638 4138 Libertatis
665 4067 909 4168 praerogativi
935 4065 1026 4145 frui.

265 4175 372 4264 Saepe
398 4163 507 4240 etiam
533 4166 715 4240 afnimanni
739 4168 809 4242 stae
836 4171 1029 4243 Herimanni
1062 4143 1092 4214 E

264 4271 304 4347 in
325 4287 483 4344 veterum
502 4265 647 4342 Chattis
665 4287 877 4345 occurrunt.
903 4271 1025 4368 Quod·

266 4395 347 4447 nam
376 4367 562 4442 hominum
597 4395 706 4470 genus
732 4371 771 4446 hi
807 4370 966 4465 suerint,
1001 4371 1025 4446 fi

265 4468 451 4571 quisquam
498 4488 759 4565 percontetur,
808 4474 1025 4574 Bigoonium

265 4569 388 4648 audiat
413 4569 452 4643 in
479 4570 589 4645 Notis
615 4571 657 4646 ad
684 4573 852 4649 Marculli
880 4581 1025 4652 Formu·

266 4676 319 4750 las
337 4670 421 4749 Lib.
442 4695 476 4744 a.
496 4675 585 4773 Cap.
617 4679 699 4766 18.,
727 4673 789 4750 ubi
816 4703 895 4752 cum
920 4683 1023 4752 Fran·

266 4774 360 4850 cisco
402 4771 554 4847 Pithoeo
594 4801 657 4876 pro
692 4783 802 4852 Arma
839 4778 1025 4880 legendum

266 4874 383 4954 censet
417 4875 621 4968 mimania,
661 4875 746 4952 haer
788 4877 1023 4955 scribentem:
1069 4888 1074 4900 ’

265 4977 445 5053 aestimania
479 5003 550 5076 ergo
583 4978 650 5052 beie
682 5001 740 5076 pro
766 4981 912 5054 Familia
938 4982 1027 5076 usae·

262 5083 560 5268 parathimia
593 5081 718 5156 nomine
749 5087 941 5180 Seruatum,
969 5083 1027 5179 [ιιι

1138 1541 1750 1744 slusa.'‘liliis-”list
1781 1568 1905 1720 2⁰:3¹3:

1139 1771 1183 1820 ne
1228 1745 1377 1820 donatos
1417 1745 1517 1821 fuisse
1558 1749 1769 1846 Ingenuus,
1813 1771 1904 1844 quos

1138 1845 1258 1920 Gallia
1277 1849 1453 1921 uocabulo
1473 1845 1546 1921 alio
1566 1849 1727 1936 flamm,
1749 1849 1905 1948 appella.

1138 1974 1175 2022 re
1202 1945 1406 2022 consuevit.
1434 1953 1531 2023 Num
1559 1951 1645 2023 verb
1670 1947 1797 2024 Liberi
1822 1945 1905 2046 qui·

1139 2075 1207 2144 que
1233 2049 1414 2124 animam
1440 2047 1574 2124 suerint
1600 2046 1821 2150 nuncupati,
1857 2074 1902 2123 ao

1138 2151 1168 2224 ii
1204 2153 1379 2244 tantltm,
1421 2151 1484 2250 qui
1521 2151 1683 2226 rullicum
1745 2149 1904 2226 taedium

1139 2253 1371 2341 excolebant,
1398 2270 1459 2328 aut
1486 2251 1662 2328 Beneficia
1688 2253 1708 2324 la
1766 2250 1904 2348 rincipe

1138 2369 1365 2452 receperant:
1390 2352 1427 2427 id
1451 2352 1596 2450 quidem
1621 2349 1904 2452 investigandum

1139 2465 1233 2528 nunc
1268 2453 1395 2544 sumo,
1431 2451 1488 2527 sed
1523 2453 1563 2528 in
1589 2479 1626 2528 re
1661 2451 1773 2528 adbuc
1807 2450 1904 2528 mihi

1137 2553 1283 2630 obscura
1309 2553 1404 2629 nihil
1429 2554 1613 2630 decernere
1638 2553 1799 2630 audebo.

1187 2661 1277 2731 Sunt
1303 2655 1365 2754 qui
1385 2682 1405 2729 a
1424 2660 1561 2730 Graeco
1587 2671 1658 2742 erm
1682 2681 1812 2730 nomen
1832 2653 1902 2731 hoc

1137 2757 1337 2848 deducunt,
1373 2754 1466 2856 quali
1502 2753 1675 2857 fignificet
1709 2756 1903 2830 Martialem

1139 2857 1209 2933 stuc
1235 2859 1406 2932 militarem
1432 2859 1571 2934 virum.
1607 2856 1672 2930 Sed
1699 2855 1788 2931 hanc
1814 2861 1905 2952 Ery.

1140 2960 1336 3058 mologiam
1377 2960 1473 3034 inter
1510 2983 1619 3078 nugas
1657 2955 1903 3053 reserendam,

1140 3083 1279 3130 mecum
1299 3057 1447 3154 quisque
1465 3058 1657 3152 fatebitur,
1683 3085 1795 3158 quum
1819 3086 1905 3134 con·

1139 3157 1226 3247 liet,
1261 3174 1396 3230 veteres
1433 3160 1652 3248 Germanos,
1687 3161 1779 3258 apud
1813 3188 1904 3260 quos

1064 3245 1098 3314 D
1140 3257 1226 3331 baec
1251 3281 1324 3330 uox
1351 3273 1460 3346 nata,
1486 3259 1622 3332 nullam
1649 3259 1794 3334 Graecis
1820 3263 1905 3335 lite.

1140 3357 1190 3476 ris
1216 3381 1358 3532 operam
1386 3356 1531 3476 dedisse.
1566 3357 1725 3478 Eccardp
1759 3359 1799 3478 in
1827 3365 1906 3436 No·

1141 3459 1905 3660 siluistis?illllllllllsst
1931 3513 1944 3552 ⁸

1136 3661 1270 3754 fident,
1296 3661 1419 3734 domini
1444 3661 1597 3736 minores.
1615 3660 1807 3753 ‚Iohannes
1832 3665 1905 3740 Ge·

1083 3845 1088 3852 ,
1142 3761 1262 3838 rardus
1296 3760 1436 3838 Voffius
1471 3761 1555 3839 Lib.
1592 3787 1626 3838 2.
1662 3765 1752 3864 Cap.
1789 3788 1823 3838 a.
1859 3763 1903 3860 de

1141 3865 1257 3940 Vitiis
1284 3863 1462 3939 Sermonis
1488 3863 1631 3940 deducit
1659 3863 1750 3954 hanc
1776 3889 1903 3941 uocem

1096 4009 1099 4018 ·
1143 3965 1366 4042 iSaxonico
1393 3973 1478 4038 Here
1502 3966 1547 4037 0·
1572 3971 1706 4056 Manem
1742 3965 1837 4065 quafi
1863 3965 1906 4042 si·
1988 3983 1996 4004 ·

1142 4067 1614 4244 uirilitatis?
1640 4067 1906 4258 illitas:

1603 4223 1614 4258 l

1144 4271 1188 4344 ab
1213 4295 1256 4344 eo
1282 4287 1466 4368 acceptum
1492 4269 1605 4344 titulo
1631 4267 1816 4346 beneficii.
1851 4275 1908 4348 A·

1143 4370 1310 4446 ventinus
1335 4377 1421 4446 verb
1446 4373 1481 4444 δι
1508 4369 1692 4446 Goldallus
1726 4370 1906 4474 originem

1144 4473 1219 4575 ejus
1253 4470 1416 4548 derivant
1442 4474 1485 4548 ab
1511 4479 1596 4546 Here
1619 4475 1656 4546 δι
1682 4479 1792 4546 Manu
1818 4479 1908 4552 Ger·

1144 4572 1294 4650 manicis
1334 4574 1509 4667 vocibus,
1546 4592 1585 4650 ut
1621 4573 1664 4648 fir
1699 4577 1758 4646 Vir
1791 4575 1907 4650 exerei-

1142 4697 1253 4767 tuum,
1289 4683 1390 4748 Homo
1415 4677 1588 4752 militatis.
1626 4677 1737 4750 Nulla
1763 4674 1905 4752 istarum

1142 4777 1476 4874 interpretationum
1495 4779 1516 4851 i
1535 4803 1621 4852 vero
1647 4775 1833 4864 abhorret,
1851 4777 1907 4851 id·

1143 4906 1212 4978 que
1237 4905 1281 4954 ex
1308 4879 1589 4954 Arimannorum
1616 4877 1825 4952 conditione
1850 4877 1907 4950 in.

1143 4979 1195 5054 sra
1223 4981 1338 5081 palam
1365 4977 1447 5055 fiet.
1474 4977 1539 5054 Sed
1565 4975 1707 5076 quando
1732 4975 1905 5055 hariolari

1141 5079 1221 5158 heic
1248 5080 1330 5154 aliis
1356 5079 1486 5175 licuit,
1520 5076 1629 5156 liceat
1653 5079 1690 5154 δι
1715 5076 1833 5154 mihi.
1870 5081 1906 5168 1·¹

1248 5183 1288 5258 tt
1312 5179 1339 5256 b
1745 5195 1853 5280 taque
