4550 6072
410 355 634 526 diemout
659 455 1029 567 &ciebo-Episcopus
1057 469 1100 540 Θ
1119 475 1177 544 So·

411 543 595 642 cerdotes,
620 563 676 628 ue!
701 563 973 658 Haremarmoe,
994 571 1072 656 idoli
1095 573 1176 664 Tos-

791 343 1182 466 aurrourr.
1232 347 1457 442 orooro
1506 355 1686 453 Arar

1904 408 1989 492 53⁰

1215 472 1252 546 A
1291 523 1318 562 „
1343 471 1415 548 cst.
1443 478 1664 575 Respondebat
1679 469 1849 578 sobaoaeo
1873 495 2050 592 Episcopus

1290 623 1316 662 „
1342 601 1410 646 com
1437 581 1587 654 Fratelltc
1604 587 1777 660 Advocato
1795 589 1874 682 soso:
1904 595 2047 672 Veritoc

380 641 655 746 -JoPrrsbc'cer,
689 663 775 734 Atio
808 669 989 761 Presbiter,
1024 677 1176 770 campere
1289 725 1315 762 „
1342 677 2045 778 nonest„qu0dipsessaffi1icaswtti

400 749 595 846 Presbiter,
622 762 869 860 Racbcpraadus
894 773 1078 862 Presbiter,
1105 776 1173 847 At.
1287 825 1314 864 „
1343 777 1461 872 Petri,
1489 786 1547 857 vel
1572 813 1627 860 res
1645 785 1780 864 ibidem
1804 794 2044 891 pertinentes,

405 865 481 944 pert
505 854 691 952 Presbiter,
725 869 889 962 Drasdedc'
912 873 1172 969 Arcidiacooos,

403 953 546 1040 Iacobus
572 958 758 1058 Diaconos,
797 971 1022 1067 Aossrr‘foasos
1056 979 1168 1049 Diaco-

410 1059 1171 1174 aas,Gaaspraadus,Cunimaod,Aoſspraod‚

408 1154 442 1221 T
440 1152 598 1250 euspraad
612 1219 623 1250 ,
650 1171 863 1264 Domaoccr'o,
891 1177 935 1244 (J
960 1179 1035 1274 ,alp
1052 1231 1170 1254 ......

404 1252 503 1348 plus,
530 1262 622 1334 vertit
647 1291 722 1342 ante
756 1301 812 1346 aas
844 1285 1066 1373 mpuritias,
1102 1309 1170 1354 con·

408 1370 463 1426 tra
488 1385 582 1456 quam
608 1365 669 1460 ἱρή
693 1379 725 1464 J
726 1375 862 1448 ohannes
895 1380 1070 1475 Episcopus
1103 1409 1171 1454 eom

407 1459 555 1532 fratello
593 1473 764 1545 Advocato
801 1479 862 1570 suo
899 1481 993 1573 caasa
1031 1485 1172 1569 Ecclefia

315 1568 319 1578 '
407 1558 524 1633 sandi
550 1569 696 1642 Martini
720 1579 810 1650 domo
834 1583 1019 1678 Episcopati
1037 1587 1093 1677 sui
1114 1607 1168 1682 po·

290 1704 294 1710 -
408 1663 585 1756 rugabant.
632 1675 768 1750 Dicebat
807 1681 867 1777 ipſs
900 1685 1069 1774 Jobanacc
1103 1713 1170 1760 cum

406 1763 559 1839 fratello
577 1775 749 1850 Advocato
762 1787 842 1871 luo.
870 1837 895 1875 „
917 1789 1056 1882 Damno
1072 1845 1083 1882 ,
1110 1817 1168 1865 au·

406 1910 435 1953 „
461 1862 537 1940 dire
561 1895 626 1946 nos
653 1875 829 1978 digneris,
866 1887 950 1988 quio
977 1887 1038 1964 iste
1078 1893 1165 1992 Agi-

405 2011 434 2054 ‚,
461 1969 584 2064 prandi
611 1973 690 2050 filio
716 1981 812 2061 istius
837 1989 1012 2088 Alprandi
1039 1992 1082 2066 ab
1109 2020 1167 2068 on·

371 2139 373 2143 ,
407 2113 435 2159 ,,
460 2069 625 2150 teceffore
653 2107 748 2162 meuc
777 2086 956 2166 peredeus
975 2093 1167 2192 Episcopus

405 2219 434 2260 oo
461 2169 530 2250 fuit
566 2181 749 2264 ordinatus
793 2191 832 2266 in
867 2192 1019 2270 Ecclesrt
1053 2200 1166 2276 nostra

407 2321 434 2364 2,
460 2280 579 2358 saneti
609 2289 732 2383 Petri,
761 2295 796 2366 δι
825 2297 862 2368 in
889 2299 1011 2372 omnia
1038 2326 1090 2374 res
1117 2301 1164 2376 ei·
1208 2289 1240 2360 C
1277 2343 1303 2384 n

406 2423 434 2466 „
458 2381 538 2458 dem
565 2389 718 2466 Ecclesre
753 2396 989 2494 pertinentes.
1016 2403 1065 2474 Et
1090 2429 1165 2480 mo·

405 2527 434 2568 o>
459 2485 506 2561 do
531 2485 592 2562 iste
618 2493 847 2592 Agipronduc
873 2501 1060 2596 Clericus,
1096 2505 1164 2582 ini·
1237 2537 1243 2544 ·

406 2627 434 2669 ,‚
461 2586 574 2664 micus
600 2593 809 2690 suadentes,
836 2619 1030 2702 tempertus
1056 2606 1166 2684 estin

405 2728 433 2770 ,ι
459 2688 695 2788 adulterium,
715 2699 750 2771 &
777 2701 816 2774 in
837 2702 944 2778 aliam
965 2705 1165 2788 malitiam.

261 2817 266 2827 ·
406 2791 564 2870 „Unde
600 2793 785 2874 seeundum
825 2807 945 2898 Deus,
974 2811 1010 2884 δι
1051 2810 1167 2892 santte

406 2929 433 2972 ι,
458 2892 601 2968 Caroni
621 2900 773 2974 Ecclefie
799 2931 851 2979 res
870 2905 945 3009 ipsa
971 2913 1072 2990 abere
1094 2943 1167 2994 non

405 3031 433 3072 ,ι
459 2991 586 3069 debet.
612 2999 833 3097 Respondebo}
859 3009 921 3106 ipsi
934 3021 1093 3112 fflprand
1111 3043 1168 3118 pro

403 3337 431 3378 ‚‚
458 3297 551 3398 quod
578 3301 640 3402 ipsc
676 3305 755 3384 filio
782 3337 863 3388 meo
889 3344 951 3418 pro
977 3319 1036 3397 suo
1062 3329 1165 3426 culpa

401 3435 430 3478 ι,
456 3400 633 3498 Ecclesrc,
666 3409 701 3482 δι
737 3437 790 3487 res
823 3414 898 3517 ipso
933 3424 1073 3520 perdere
1106 3427 1165 3504 de·

404 3538 431 3592 o,
458 3501 576 3597 beret,
611 3509 696 3608 quio
723 3537 794 3587 non
822 3517 963 3597 abemus
989 3527 1164 3620 Ecclefie,

403 3640 430 3692 ι,
456 3605 491 3676 de
508 3631 561 3679 res
576 3605 649 3708 ipso
670 3613 1003 3710 perordinationem
1021 3629 1163 3706 Percdei

402 3740 431 3793 ‚,
457 3703 625 3808 Episcopi
644 3715 848 3798 anteeeffori
869 3737 958 3817 tuo,
985 3726 1073 3806 ficut
1099 3759 1163 3806 vos

403 3841 431 3894 2,
458 3803 609 3910 dicitis;
647 3810 703 3886 sed
743 3817 892 3897 Perhetu
905 3878 915 3898 .
930 3878 940 3900 .
955 3881 984 3902 ..
1000 3884 1031 3905 ..
1054 3836 1161 3906 Dam·

404 3940 432 3994 ι,
458 3902 570 3982 miani
599 3913 786 3996 Presbiteri
813 3921 932 4002 socero
951 3955 1052 4024 meo,
1080 3961 1163 4006 ovo·

406 4042 433 4096 r,
459 4031 503 4080 nc
536 4007 634 4088 istius
669 4019 869 4120 Agiprandi
905 4031 1049 4108 Clerico
1084 4033 1164 4110 filio
1279 4075 1303 4114 n

404 4143 432 4200 ι,
458 4135 576 4233 me03
612 4117 868 4223 &numquam
908 4127 1164 4229 ipse-Ecclefie
1205 4109 1234 4177 Ε
1277 4177 1303 4215 tt

345 4237 351 4252 “
404 4243 432 4300 ι,
457 4213 576 4295 sautu
604 4221 727 4316 Petri,
755 4231 896 4305 veloce
927 4230 1060 4312 ibidem
1088 4265 1164 4336 per·

404 4351 432 4401 2,
458 4313 612 4394 tinentes
639 4329 830 4494 pertonuit
864 4335 1016 4412 Ecclesia
1042 4339 1174 4415 Sancti
1277 4353 1375 4426 „1²0

404 4451 433 4500 ,,
458 4415 612 4493 Martini

405 4563 434 4606 „
458 4513 564 4634 ipfius
590 4523 797 4606 Dammioni
825 4535 1041 4633 Presbiteri,
1067 4543 1103 4614 δι
1121 4541 1164 4616 de

403 4667 433 4711 „
458 4645 533 4718 ejus
573 4623 710 4722 parenti
746 4637 948 4730 pertonuit,
983 4644 1025 4713 In
1065 4641 1164 4742 cujus

404 4777 431 4819 ‚,
456 4720 688 4802 hereditatem
714 4755 780 4806 nus
806 4735 950 4813 existere
974 4743 1162 4835 devemus,

402 4883 430 4923 ‚,
456 4851 521 4924 pro
545 4855 589 4904 eo
614 4831 709 4932 quod
736 4833 812 4914 filio
831 4836 936 4940 ipfrus
957 4842 1163 4920 Dommiaui

403 4979 430 5024 „
456 4928 548 5006 mihi
567 4932 607 5009 in
627 4939 796 5041 conjugio
822 4939 952 5017 sociata
972 4945 1079 5039 obeo,
1100 4973 1164 5020 un·

405 5083 431 5123 n
456 5031 508 5110 ‘le‘
523 5033 585 5116 iste
610 5043 796 5145 Agiprand
821 5042 902 5144 filio
942 5071 1022 5124 tneo
1059 5065 1166 5125 natue

663 4450 746 4500 omo
764 4430 966 4534 Episcopali
993 4457 1079 4534 tuo,
1107 4439 1163 4516 sed

254 3179 257 3184 Δ
405 3133 433 3174 ,2
452 3094 494 3187 sc
515 3095 560 3168 Θ
584 3097 649 3194 ipso
669 3101 742 3196 jam
765 3105 854 3180 dido
869 3111 948 3204 filio
966 3118 1049 3211 suo:
1076 3127 1163 3199 Nul·
1280 3161 1305 3199 oo

405 3234 432 3276 o»
458 3197 494 3270 la
530 3200 635 3276 nobis
669 3203 888 3308 interpedit,
923 3221 1018 3318 quod
1054 3223 1165 3317 dicis,
1205 3187 1240 3256 D
1279 3262 1304 3302 ιι

1286 926 1312 966 ,,
1338 879 1397 950 vel
1423 901 1554 979 quanta
1588 885 1652 985 ipso
1694 893 1928 970 Dammianus
1965 901 2046 973 Pre-

1286 1027 1311 1066 „
1337 977 1471 1055 obitero
1496 987 1539 1058 ad
1566 1012 1690 1065 monus
1716 991 1774 1066 sua
1814 995 1946 1090 ebuet,
1981 1019 2044 1076 out

1285 1129 1312 1168 „
1338 1079 1530 1177 poffiddct,
1550 1085 1654 1185 ipius
1677 1093 1904 1187 Dammiuni,
1924 1101 1982 1174 vel
2000 1101 2043 1180 de

1284 1181 1411 1280 „ejus
1438 1189 1574 1286 parenti
1603 1189 1738 1268 fuissem
1768 1213 1828 1270 out
1854 1198 2043 1298 pertinuis-

1284 1332 1295 1366 ,
1335 1279 1431 1384 sem;
1451 1287 1536 1386 quia
1561 1289 1624 1391 ipfi
1651 1295 1883 1372 Dommionuc
1905 1302 2043 1375 Presbi-

1216 1369 1245 1438 Β
1282 1331 1310 1470 ,ζ
1334 1399 1412 1458 tero
1431 1386 1469 1460 in
1496 1389 1570 1480 ipio
1596 1393 1767 1470 naulica*
1784 1399 1896 1474 nostra
1922 1401 2042 1478 sancti

1281 1532 1307 1570 „
1336 1486 1433 1564 Petri
1459 1488 1607 1586 reffide,
1633 1497 1668 1568 δι
1696 1497 1736 1570 ad
1764 1497 1931 1619 Episcopi
1958 1501 2041 1596 illi,

1280 1634 1306 1672 „
1333 1585 1396 1682 qui
1422 1585 1564 1667 fuerunt
1599 1596 1798 1673 anticeisori
1834 1626 1928 1694 met,
1967 1602 2040 1703 ipse

1281 1736 1307 1774 „
1334 1688 1568 1768 Dammianus
1609 1698 1784 1774 Presbiter
1817 1727 1940 1777 omnes
1976 1729 2041 1780 vo·

1279 1837 1305 1874 ‚,
1331 1788 1508 1865 luntotem
1534 1793 1717 1891 faciebat,
1744 1795 1850 1899 quom
1876 1803 1911 1877 ei
1937 1803 2054 1880 exiu-¹
2145 1837 2149 1844 ·

1279 1939 1305 1975 „
1330 1887 1374 1960 de
1395 1889 1651 1992 imperaverat.
1672 1903 1720 1973 Et
1740 1928 1800 2002 per
1825 1901 1952 2002 figulos
1978 1933 2040 1980 on·

1278 2041 1304 2077 „
1330 2016 1395 2064 nus
1422 1993 1564 2068 Gustare
1605 2025 1727 2074 eorum
1766 2003 1856 2078 davo
1890 2005 1931 2087 in
1964 2006 2039 2107 ipse

1278 2141 1303 2178 „
1330 2089 1418 2167 Cosa
1459 2095 1621 2173 Raffilico
1657 2101 1776 2178 sonui
1816 2092 1941 2198 Petri,
1977 2107 2038 2184 ubi

1277 2192 2038 2385 2’c:1omencourt

1277 2446 1303 2486 „
1329 2395 1393 2492 qui
1419 2400 1572 2478 Ecclefia
1598 2405 1717 2481 Sancti
1749 2409 1903 2484 Martini
1929 2365 2038 2486 domei

1278 2548 1303 2588 „
1330 2496 1531 2602 Episcopoli
1558 2531 1622 2604 pro
1657 2509 1874 2604 per-tenentia
1900 2507 1960 2586 suo
1987 2509 2039 2586 fo·

1278 2651 1304 2690 „
1330 2625 1407 2673 cere
1425 2601 1588 2677 consuete
1606 2602 1705 2678 sunt.
1730 2608 1953 2703 Respondebo
1972 2612 2037 2708 ipse

1278 2751 1304 2790 „
1329 2703 1543 2794 Alpraodos:
1574 2703 1715 2778 Veritas
1741 2731 1813 2780 non
1840 2708 1911 2799 est,
1938 2711 2036 2808 quod

1277 2853 1303 2891 „
1329 2799 1403 2900 ipse
1429 2801 1590 2878 uaffitica
1609 2803 1728 2880 Sancti
1750 2807 1868 2900 Petri,
1892 2811 1952 2882 vel
1980 2835 2035 2882 res

1278 2955 1303 2993 „
1330 2901 1373 2976 ad
1399 2928 1480 2976 eum
1507 2905 1748 3005 pertinentes,
1778 2911 1838 2983 vel
1863 2925 2037 3009 quantum

1279 3059 1305 3098 „
1331 3001 1405 3105 ipse
1440 3007 1673 3082 Dommicnus
1710 3008 1884 3084 Presbiter
1919 3008 2038 3085 socero

1332 3133 1413 3182 meo
1439 3105 1482 3181 od
1509 3135 1632 3185 monus
1658 3107 1734 3186 suos
1753 3111 1857 3186 abuet
1875 3113 1934 3186 vel
1960 3108 2039 3210 pos·

1331 3207 1461 3302 srddet,
1492 3210 1685 3310 aliquando
1725 3209 1876 3287 Ecclefio
1915 3210 2036 3286 tenth·

1279 3365 1305 3404 „
1331 3312 1486 3387 Martini
1512 3313 1620 3390 domo
1646 3312 1847 3414 Episcopali
1874 3329 1937 3390 tuo
1963 3339 2040 3431 per:

1279 3467 1304 3504 ,‚
1331 3412 1547 3505 tinuiffem,
1589 3415 1645 3488 sed
1685 3413 1789 3510 ipsrus
1830 3417 2039 3488 D'ommtant

1277 3565 1303 3604 „
1332 3513 1521 3587 Presbiteri
1548 3511 1665 3586 socero
1691 3537 1791 3596 mco,
1821 3516 1856 3586 δι
1883 3513 1926 3588 de
1962 3515 2038 3613 ejus

1277 3667 1302 3705 „
1330 3615 1467 3709 parenti
1502 3613 1572 3688 fuit
1606 3611 1678 3708 ipse
1718 3610 1880 3688 Baffilico
1915 3613 2038 3689 Santti

1278 3713 1428 3808 „Petri
1469 3740 1549 3789 cum
1582 3713 1704 3788 omnio
1742 3741 1828 3806 res,
1863 3733 2037 3814 quantum

1278 3871 1303 3908 „
1331 3815 1393 3914 ipso
1421 3813 1653 3890 Dommionus
1680 3816 1722 3890 od
1758 3843 1882 3890 manus
1908 3813 1966 3890 suo
2002 3843 2039 3890 o·

1278 3973 1303 4012 ,‚
1330 3922 1439 4011 buct,
1465 3919 1499 3993 δι
1526 3915 1602 4019 ipso
1634 3918 1803 4013 Gustaren
1830 3943 1891 4018 per
1924 3915 2038 4018 singu.

1330 4023 1385 4095 los
1409 4047 1546 4112 annos,
1581 4014 1674 4104 unde
1708 4045 1772 4092 voe
1806 4017 1951 4111 dicitis,
1977 4015 2037 4094 suo

1330 4125 1516 4199 voluntate
1550 4119 1673 4195 deva:
1712 4146 1794 4195 nom
1830 4146 1894 4222 pro
1937 4120 2038 4192 nullo

1278 4279 1304 4316 „
1330 4221 1571 4326 pertinentia,
1605 4223 1642 4295 δι
1680 4220 1803 4296 taliter
1837 4219 2037 4322 contignare

1378 4344 1456 4400 teo·

1326 4431 1376 4498 Ec
1400 4427 1478 4518 dom
1503 4425 1567 4522 ipse
1590 4427 1784 4524 palpandus
1809 4424 1889 4498 taiis
1917 4423 2038 4518 faceret

1275 4528 1574 4624 proclamationem,
1603 4527 1851 4622 judicavimus,
1878 4523 1925 4606 ὡ
1951 4523 2039 4644 wat:-

1275 4637 1352 4703 dam
1375 4632 1452 4704 dare
1471 4630 1606 4722 fecimus
1631 4628 1696 4724 ipso
1712 4631 1871 4724 ,Alpraod
1892 4627 1963 4720 iam
1987 4640 2038 4745 af·

1276 4729 1324 4804 ola·
1341 4735 1375 4805 F
1375 4733 1483 4805 catelii
1501 4733 1672 4804 Advocato
1689 4729 1840 4820 johanni
1865 4727 2038 4827 Episcopo,

1275 4853 1312 4904 ot
1329 4833 1414 4920 ficut
1438 4835 1582 4924 dicebat,
1604 4851 1664 4930 per
1689 4831 1812 4904 idoneae
1836 4827 1885 4910 r&
1911 4832 2038 4901 credero·

1274 4937 1331 5010 dos
1356 4937 1519 5028 bortiaco,
1539 4931 1573 5021 st
1595 4954 1736 5031 poteret,
1756 4957 1857 5004 cotom
1874 4927 2040 5045 configoa·
2098 4957 2103 4965 ·

1274 5061 1334 5134 ee,
1359 5037 1498 5139 quatro
1523 5037 1588 5138 5⁰ch
1606 5035 1759 5132 Baffib'co
1782 5027 1907 5112 sacti,
1922 5035 2038 5202 Ἐκ,
