4594 6070
321 309 431 470 '217v

611 355 1098 446 urssrarnrro
1156 355 1567 446 uuuacrnrn.
1761 365 1845 446 ns

1006 509 1010 520 ·
1067 482 1103 553 Α
1140 474 1312 567 Castella,
1340 477 1482 567 Villas,
1506 475 1703 550 Vicus&e.
1723 472 1820 548 inter
1835 479 1909 548 Ata

313 572 403 662 Eius
420 575 560 674 quocirca
580 578 697 650 tribuit
708 578 771 671 sub
785 577 859 672 jure
877 579 1028 654 retinam

315 679 495 854 23:25qu
508 684 670 854 'Canem
695 681 826 754 dantem
845 682 957 780 [rages
972 683 1029 776 sot

315 990 425 1081 suppo
450 999 566 1058 autem
594 983 673 1060 heic
710 1003 925 1064 memoratus
957 1013 1050 1064 non·

266 1085 359 1160 nlius
384 1085 472 1158 mihi
501 1085 601 1160 suilse
628 1088 804 1180 creditur,
832 1095 939 1188 quim
966 1090 1029 1187 qui
1065 1171 1066 1176 χ

267 1187 411 1286 circiter
426 1191 572 1260 Annum
597 1187 729 1264 Christi
757 1195 1029 1270 ucchxxr.

266 1286 458 1360 abeodem
497 1279 687 1365 L'udovico
714 1293 874 1394 Augusto
904 1295 1029 1370 consti·

1142 577 1279 651 sedialia
1318 576 1418 653 suisse
1454 591 1684 676 computata,
1724 574 1791 648 hoc
1831 575 1904 670 ess,

1142 676 1194 752 ita
1220 677 1338 754 {labili
1375 705 1416 754 ac
1451 676 1596 776 proprio
1630 675 1706 776 jure
1741 665 1904 776 possessa,

1143 799 1183 854 ut
1210 778 1280 856 line
1306 807 1401 856 nora
1429 779 1637 874 Principum
1664 777 1795 872 venia,
1831 805 1906 854 non

1143 879 1240 957 secus
1276 910 1316 957 ac
1352 880 1518 984 praedia,
1555 879 1599 954 ad
1633 877 1776 954 beredes
1809 897 1906 954 tran.

1142 981 1409 1060 smitterentur.
1435 987 1555 1078 Quare
1580 1005 1690 1081 quum
1719 978 1908 1060 secundbm

1142 1088 1256 1186 Leges
1297 1085 1581 1188 Langobardicas
1623 1081 1691 1157 lilii
1732 1083 1768 1154 dt
1809 1079 1907 1160 filiae

1142 1214 1266 1262 omnes
1306 1189 1489 1290 legitimae
1529 1185 1623 1287 patri
1661 1183 1908 1277 succederent,

1142 1287 1241 1388 saepe
1267 1291 1479 1380 accidebat,
1512 1306 1552 1362 ut
1587 1313 1640 1362 res
1676 1283 1908 1380 individuae,

264 1403 364 1466 tutus
391 1387 460 1464 suit
488 1397 595 1464 Comes
622 1395 665 1466 o
686 1401 762 1466 Dux
784 1397 918 1471 Piceni.
947 1400 1028 1470 Plu.
1077 1393 1107 1464 B
1143 1393 1263 1488 quales
1303 1411 1403 1467 erant
1443 1389 1595 1466 Caslella
1634 1390 1671 1462 δι
1706 1385 1909 1479 Ecclesiae,

263 1515 303 1562 ra
329 1515 395 1589 ego
429 1490 472 1564 de
506 1517 549 1566 eo
585 1515 845 1571 commentatus
880 1497 955 1572 surn
991 1498 1030 1572 in

263 1587 438 1688 superiori
476 1593 728 1670 Dissertatione
764 1601 827 1670 Vl.
862 1606 901 1672 de
935 1605 1030 1672 Mor·

154 1761 156 1770 ,
265 1693 446 1766 chionibru.
474 1697 595 1787 Quum
623 1723 709 1798 ergo
734 1698 943 1788 habeamus,
971 1700 1030 1774 ha·

267 1788 323 1866 sce
349 1799 462 1864 Curres
490 1797 645 1896 Sopponi
670 1801 843 1876 concessas
861 1799 960 1876 suisse
976 1801 1029 1895 in·

265 1917 299 1962 re
329 1895 480 1990 proprio,
516 1923 629 1996 neque
662 1899 778 1976 eidem
813 1921 1031 1978 tantummo-

265 1991 335 2084 do,
372 1993 428 2068 sed
466 1995 510 2066 θ
543 1999 707 2072 heredibus
740 2031 777 2076 ae
808 2007 1032 2101 proheredibus

261 2091 332 2188 Jais
359 2096 601 2213 inperpetuum
626 2103 786 2178 habendas
812 2109 856 2178 (V
877 2108 1030 2205 poffiden·

265 2198 355 2268 aas:
381 2197 474 2269 ntbrl
501 2200 599 2274 aliud
635 2204 863 2300 exposcitur,
900 2227 940 2282 ut
975 2209 1029 2282 in·

1143 1493 1259 1568 immo
1283 1495 1319 1568 ἃ
1345 1493 1440 1594 ipsae
1465 1496 1617 1582 Curres,
1652 1489 1804 1580 domus,
1837 1487 1910 1584 syl·

1143 1619 1207 1668 vae
1233 1597 1302 1668 dcc.
1328 1623 1400 1670 non
1435 1620 1545 1668 unum
1581 1589 1809 1692 agnoscerent
1844 1589 1911 1664 dou'

1143 1693 1308 1771 minum.
1336 1696 1543 1770 Portionern
1578 1691 1709 1791 quippe
1744 1690 1841 1766 suam
1868 1707 1911 1767 u..⁴

1144 1795 1354 1896 nusquisque
1389 1795 1524 1872 esiliis
1560 1791 1774 1896 possidebat.
1808 1797 1909 1868 Turn

1142 1895 1231 1972 filiis
1257 1897 1415 1973 liliorum
1441 1895 1601 1972 eamdem
1642 1921 1716 1970 rem
1743 1893 1908 1970 dividen.

1143 2001 1264 2090 tibus,
1298 2017 1356 2074 tot
1392 2017 1505 2101 partes
1550 1997 1654 2072 unius
1699 1993 1801 2070 fundi
1844 2013 1909 2072 aut

1143 2101 1287 2176 Caslelli
1314 2099 1467 2193 fiebant,
1502 2117 1542 2174 ut
1570 2123 1825 2196 nonnunquam
1851 2097 1909 2169 vi·

1138 2203 1259 2300 gesna
1303 2223 1410 2302 atque
1452 2201 1613 2300 erigefina
1660 2201 1779 2301 portio
1823 2217 1910 2274 con-1⁴

265 2295 473 2416 telligatur,
508 2302 644 2374 Allodii
669 2303 808 2398 titulo,
844 2325 950 2408 atque
986 2311 1030 2382 ab
1071 2305 1103 2376 C
1144 2303 1294 2380 sobrinis
1320 2331 1362 2378 ae
1388 2303 1603 2405 nepotibus,
1638 2326 1830 2399 eorumque
1865 2299 1909 2376 sa·

264 2420 365 2470 omna
385 2397 534 2474 vinculo
553 2403 710 2497 Beneficii
735 2406 932 2502 immunia,
960 2427 1028 2484 tra·

262 2495 340 2570 dita
367 2499 486 2573 eadem
515 2504 594 2576 loca
631 2509 788 2604 Supponi
826 2508 945 2585 fuisse.
982 2517 1030 2586 Et

265 2594 345 2673 sane
365 2599 644 2680 anitnadvertere
663 2606 741 2682 lteic
760 2610 862 2711 juvat
881 2616 1028 2688 alteram

265 2725 404 2774 morum
441 2703 546 2778 nostri
584 2709 754 2810 temporis
790 2711 1028 2788 differentiam

265 2802 309 2874 ab
335 2801 518 2902 antiquis.
547 2811 652 2884 Nunc
688 2812 784 2886 enim
821 2835 883 2889 aut
918 2819 1026 2912 plera·

265 2927 358 3000 quc,
388 2925 451 2980 aut
488 2908 636 2992 causis,
672 2939 761 3008 quae
787 2917 807 2986 b
836 2919 1030 2992 Nobilibus

264 3003 355 3076 viris
381 3005 531 3079 Caslella
559 3007 795 3104 possidentur,
823 3016 1031 3104 Benefician'o

266 3101 324 3176 seu
352 3108 493 3178 Feudali
515 3107 701 3184 dumtaxat
719 3111 831 3186 titulo
850 3112 889 3186 in
909 3140 1029 3188 eorum

1142 2405 1204 2480 liis
1231 2425 1338 2504 atque
1362 2403 1651 2480 descendentibus
1679 2401 1908 2500 obtingeret.

1142 2507 1250 2604 Quod
1278 2533 1371 2582 nunc
1397 2507 1436 2582 in
1471 2506 1546 2606 jure
1582 2521 1808 2602 patronatus,
1844 2517 1907 2578 aut

1141 2611 1179 2682 in
1217 2611 1346 2684 Feudis
1380 2605 1652 2707 Langobardico
1687 2629 1786 2680 more
1821 2629 1909 2678 eon-

1141 2707 1237 2784 ceffis
1282 2707 1413 2784 sadium
1458 2707 1669 2806 quandoque
1714 2704 1909 2797 videmus,

1140 2831 1225 2886 tunc
1262 2809 1361 2912 saepe
1386 2811 1424 2886 ia
1451 2807 1634 2898 Allodiis,
1669 2807 1771 2882 rebus
1805 2833 1906 2882 aem·

1141 2941 1182 3013 pe
1208 2913 1393 3004 dividuis,
1421 2911 1628 2986 accidebat.
1669 2907 1778 2984 Alibi
1801 2907 1908 3008 hujus

1140 3015 1404 3090 consuetudinis
1439 3017 1601 3115 exempla
1636 3011 1769 3086 attuli:
1811 3035 1906 3084 nunc

1140 3140 1211 3186 uno
1237 3139 1311 3186 rem
1338 3113 1549 3204 conficiam,
1576 3113 1644 3186 boc
1671 3113 1716 3186 esi
1734 3111 1909 3188 Chartam

265 3203 404 3282 ditione
431 3207 497 3282 esse
533 3207 670 3288 solent.
705 3217 842 3288 Contra
870 3217 1029 3312 explora·
1071 3229 1107 3296 D
1141 3211 1387 3313 producendo,
1422 3212 1577 3310 quaein
1604 3215 1802 3286 Tabulario
1828 3212 1911 3288 exi·

268 3306 449 3400 rumen,
485 3309 643 3409 antiquis
679 3315 813 3390 Seculis
849 3317 1032 3418 complura

1114 3313 1208 3390 rmii
1233 3311 1443 3388 Monallerii
1468 3309 1634 3388 Cavensis
1660 3312 1820 3413 legitur.

341 3541 520 3633 Donatio
564 3573 655 3632 cum
704 3547 934 3663 quibusdam
978 3549 1269 3643 conditionibus
1314 3550 1415 3657 suda
1460 3544 1706 3636 Monallerio
1748 3551 1830 3635 Ca·

528 3665 635 3750 vensi
665 3668 830 3757 Sandlae
860 3671 1074 3762 Trinitatis
1103 3677 1128 3762 b
1159 3669 1322 3760 Gisolso
1346 3670 1428 3758 filio
1462 3669 1656 3780 Johannis

823 3791 1030 3903 Comitis,
1068 3799 1194 3882 Anno
1238 3823 1362 3904 1094.

317 4021 356 4090 N
378 4015 501 4090 nomine
524 4020 658 4092 Domini
677 4021 741 4094 Dei
757 4024 880 4098 aeterni
897 4026 941 4096 Θ·
959 4029 1034 4099 sal·
1057 4025 1065 4114 l

341 4121 463 4192 aratoris
490 4122 585 4209 nostri
600 4123 684 4214 jesu
706 4127 845 4210 christi.
865 4133 967 4201 Anno
991 4131 1035 4202 ab
1074 4131 1103 4204 E

268 4221 488 4294 incarnatione
527 4222 597 4308 eins
635 4231 799 4301 MXCIV.
844 4233 1034 4324 temporibus

269 4322 420 4396 Domini
449 4323 554 4398 noslri
584 4327 727 4426 Rogerii
750 4331 882 4426 gloriose
898 4331 1033 4422 Ducis,

105 4469 116 4505 ,
269 4430 383 4520 Mense
409 4425 570 4514 odionis,
590 4428 704 4498 Tertid
722 4431 917 4506 Indissione.
945 4439 1033 4506 Dum

268 4553 368 4598 eoram
406 4527 584 4620 praesentia
620 4531 755 4606 Domni
794 4535 889 4608 Petri
921 4535 1033 4632 grarid

266 4629 335 4702 Dei
375 4627 528 4702 Abbatis
569 4630 776 4708 Monasterii
816 4633 961 4710 Sanslae
995 4639 1031 4710 dt

266 4727 475 4804 individuae
515 4731 742 4824 Trinitatis,
782 4739 865 4834 qnod
898 4739 1031 4826 eonllrrr·

267 4831 361 4904 sinor
377 4831 419 4918 eli
446 4829 531 4906 soris
568 4834 658 4909 hanc
687 4837 941 4914 salernitanam
968 4839 1031 4914 Ci·

266 4933 441 5022 vitatem,
478 4933 513 5006 in
547 4937 611 5008 loco
647 4938 822 5012 Mitiliano
854 4937 943 5034 effern
977 4969 1033 5036 ego

264 5041 379 5114 Petrus
403 5039 540 5132 judea,
573 5059 648 5112 tunc
683 5041 719 5112 in
754 5069 823 5116 mea
852 5043 1033 5140 prasentia

1142 4023 1299 4102 Gisolsus
1327 4023 1423 4100 lilius
1458 4024 1635 4124 quondam
1662 4021 1808 4116 Joannis
1834 4027 1908 4098 Co·

1142 4129 1270 4216 mitis,
1306 4127 1368 4224 qui
1404 4129 1567 4200 Clericus
1602 4129 1637 4198 t<
1666 4127 1788 4200 Abbas
1813 4122 1909 4216 suit,

1141 4229 1261 4300 divinas
1280 4227 1347 4314 fibi
1373 4229 1576 4324 inspiratione
1594 4229 1764 4324 compulsus
1788 4247 1845 4324 pro
1869 4255 1907 4300 a.

1143 4358 1223 4402 mere
1248 4332 1468 4425 omnipotentis
1496 4329 1584 4420 Dei,
1621 4329 1665 4400 (9'
1695 4329 1800 4420 solute
1828 4329 1911 4422 June

1142 4433 1269 4506 animae
1287 4430 1373 4518 ficut
1398 4433 1428 4504 ei
1452 4455 1620 4528 congruunt
1642 4430 1731 4522 suit,
1762 4429 1824 4522 suo
1849 4457 1909 4503 vo·

1142 4535 1268 4608 suntote
1290 4555 1347 4630 per
1373 4535 1453 4606 banc
1478 4534 1667 4606 Charrulonr
1701 4558 1802 4605 eornm
1837 4561 1909 4622 me,

1141 4642 1218 4708 duno
1246 4636 1350 4708 idonei
1375 4632 1551 4728 interessent
1586 4631 1750 4725 homines,
1787 4635 1911 4730 optulit

1143 4738 1178 4810 r'n
1203 4737 1364 4833 praedislo
1385 4737 1576 4824 Monasterio
1594 4735 1724 4828 sanslae
1750 4737 1794 4806 o
1820 4735 1908 4808 indi.

1141 4841 1262 4914 viduae
1288 4839 1489 4932 Trinitatis,
1514 4843 1558 4912 de
1580 4837 1767 4912 duodecim
1797 4833 1907 4934 parti·

1142 4943 1204 5017 bus
1232 4943 1372 5039 integras
1396 4945 1478 5016 duas
1499 4963 1628 5040 partes,
1655 4965 1733 5034 quas
1752 4939 1781 5008 ei
1804 4942 1827 5006 d
1849 4935 1908 5024 su·

1137 5043 1310 5140 proscripto
1335 5047 1483 5118 Genitore
1508 5047 1554 5114 Θ
1577 5041 1739 5114 Genitrire
1756 5039 1819 5132 [ια
1844 5041 1903 5112 ha·

1788 5143 1857 5212 bere
