4592 6066
349 384 431 490 389
641 376 1083 467 orssnnrarro
1127 327 1564 464 nuonncrnras
1779 407 1861 490 390

285 491 377 569 ditio
403 499 552 570 Summae
577 496 795 586 Rolandini,
832 521 935 594 quam
965 522 1044 595 prae
1089 493 1123 564 A
1160 493 1322 570 mulariis
1350 491 1548 567 Priscianus
1584 491 1715 591 ubique
1748 494 1896 590 vapulat
1907 515 1921 592 3

282 596 447 672 manibus
489 597 627 687 habeo,
670 615 852 698 procurata
893 596 1047 672 Taurini

285 703 397 774 Anno
435 699 653 772 MDXXIII.
678 700 723 772 ¹r'n
750 702 880 772 aedibus
905 700 1049 774 Antonii

287 800 409 872 Renoti
441 801 525 872 civis
559 802 790 888 Taurinensts,
827 800 887 876 ubi
924 823 977 876 ea'
991 828 1048 900 ap·

286 900 441 1000 pellatur
465 909 597 976 Summa
617 904 748 976 Domini
766 903 950 976 Rolandini
970 901 1049 994 Pas-

241 1069 243 1074 .
281 1002 433 1098 sagerii,
459 1029 498 1076 ac
525 1003 658 1078 dicitur
677 1026 747 1100 per
781 1008 954 1077 Dominum
990 1010 1049 1076 Pe·

287 1123 373 1174 tram
397 1105 437 1174 de
461 1106 623 1178 Boatoriir
647 1103 746 1202 ipfius
764 1108 947 1179 Rolandini
966 1114 1049 1179 Con·

174 1211 176 1215 ’
288 1204 389 1276 civem
414 1207 640 1298 Bononiensem
660 1207 756 1296 sacili
780 1210 930 1306 brevique
957 1216 1049 1282 Com·

287 1325 390 1376 mento
414 1303 599 1381 declarata.
635 1309 779 1384 Aufi’ror
804 1330 922 1385 autem
948 1311 994 1385 est
1020 1311 1065 1385 i·'

1161 597 1279 696 pejora
1305 595 1414 668 etiam
1452 593 1644 693 perpetius,
1679 593 1820 691 quoties
1847 597 1924 670 No-

1161 697 1245 772 tarii
1271 695 1445 797 reliquam
1469 693 1608 796 negotii
1632 692 1755 768 seriem
1774 693 1845 770 inis
1864 719 1925 770 en-

1160 817 1299 898 ponunt
1326 795 1463 888 verbis,
1490 794 1706 870 Formularii
1731 823 1798 896 ope
1824 795 1925 872 detti·

1160 900 1257 974 tuti.
1291 897 1430 990 Judices
1466 915 1612 988 autem,
1647 923 1846 996 quanquam
1881 924 1925 974 ne

1161 997 1564 1178 tintinant
1581 997 1805 1174 Littffttn‘
1828 997 1925 1174 Εἴ.

1162 1130 1303 1279 riantur
1327 1202 1472 1278 dinone
1495 1156 1647 1300 Chai-tas¹
1674 1127 1925 1302 Notariis3pe·

1163 1305 1283 1408 jusque
1309 1304 1360 1379 rei
1387 1306 1548 1404 exempla
1575 1301 1613 1378 in
1641 1303 1749 1378 variis
1777 1301 1923 1378 Placitis

287 1403 369 1492 dem
396 1408 638 1500 Rolandinus,
678 1438 750 1486 non
778 1405 920 1488 defuisse
948 1413 1050 1488 Italis
1090 1411 1121 1482 B
1163 1409 1352 1482 habemus.
1380 1404 1476 1480 Idem
1507 1431 1763 1504 nonnunquam
1784 1401 1925 1505 praesti·

287 1505 359 1579 aiio
386 1506 532 1606 antiqua
559 1513 802 1612 Formularia;
830 1512 887 1588 sed
906 1513 999 1612 quod
1019 1515 1049 1588 i·

268 1606 327 1680 ¹bi
354 1605 624 1686 defiderarentur
646 1611 860 1690 subtilitates
880 1616 1050 1691 termino·

264 1733 367 1802 rum
393 1711 428 1780 &
457 1715 703 1804 cautelarum,
727 1741 813 1813 quas
838 1717 1052 1793 recentiores

287 1806 521 1900 invexerant,
539 1832 721 1911 propterea
736 1815 778 1890 'in
798 1817 956 1895 animum
976 1818 1050 1917 ipse

289 1908 478 1986 induxerat
508 1940 638 1988 novam
675 1917 867 1994 construere
902 1919 945 1996 ad
981 1925 1050 1994 Ar·

289 2027 363 2084 tem
392 2013 580 2088 Notariam
607 2017 945 2096 manuduttionem.
972 2031 1049 2094 Aa·

288 2109 390 2208 tiquis
415 2113 623 2210 temfioribas,
659 2118 711 2192 ait
745 2121 810 2196 ille
845 2122 884 2196 in
922 2126 1052 2197 Prooe-

288 2211 387 2302 mio,
411 2212 505 2310 [oper
528 2218 738 2292 contraHnum
765 2223 808 2292 (J
834 2223 1049 2310 instrumento·

287 2337 358 2384 enm
376 2313 496 2402 ,fttrmat
522 2317 566 2386 Θ
590 2319 713 2392 ordines
742 2324 873 2413 fuerant
892 2345 953 2420 per
976 2351 1050 2420 qno·
1091 2335 1123 2408 C

280 2411 377 2508 sdam
400 2419 702 2512 prudentiamne,
737 2423 865 2521 ignaros
885 2427 1049 2520 sortaffis,

288 2541 327 2586 ee
351 2515 552 2607 eonscientiae
568 2523 731 2614 puritate,
745 2526 961 2620 sagacitatem
972 2528 1049 2618 sab·

282 2614 399 2691 ¹tiliam
433 2623 666 2711 modernorum,
701 2630 854 2719 quaedam
889 2629 1048 2723 Compilo·

290 2715 390 2788 tiones
416 2719 632 2794 &Summae
654 2723 751 2814 juata
775 2748 852 2800 tune
867 2728 1051 2800 viventium

289 2844 387 2890 mores
415 2822 461 2890 Θ·
495 2823 728 2911 eonsuetudines
762 2830 959 2902 adinventae
983 2831 1054 2902 &a

291 2921 416 3015 Itaque
437 2921 698 3014 antiquioribus
718 2925 959 3019 iis·Saeculis,
974 2929 1051 3027 qui·

140 3073 141 3076 η
292 3017 356 3090 bus
398 3017 570 3090 barbaries
612 3019 809 3117 supremum
845 3029 964 3097 locum
1001 3043 1052 3099 te·

291 3115 396 3206 nuit,
422 3115 516 3188 nihil
545 3118 607 3190 nisr
635 3119 820 3212 rusticum,
847 3125 882 3196 δι
909 3124 1053 3198 Latinis

291 3215 434 3290 auribus
461 3219 664 3302 molestum,
691 3223 847 3297 occurrit
873 3224 910 3296 in
940 3230 1052 3298 Nota·

292 3316 428 3392 riorum
454 3317 619 3396 Chattis.
645 3326 792 3400 Nam&
813 3326 851 3398 in
870 3323 950 3426 ipfis
970 3326 1056 3402 For?

1163 1529 1236 1584 tere
1275 1506 1492 1585 Cancellarii
1531 1508 1567 1578 &
1603 1503 1923 1582 Archicanceliarii

1165 1610 1390 1709 Principum.
1419 1614 1460 1680 ln
1487 1607 1670 1684 Chronico
1696 1605 1924 1684 Vulturnenii

1164 1717 1258 1786 Part.
1285 1715 1331 1786 11.
1358 1709 1469 1784 Tomi
1498 1715 1525 1784 1.
1556 1714 1685 1785 Rerum
1714 1710 1921 1784 Italicarum

1162 1813 1296 1914 legitur
1319 1812 1494 1912 Diploma¹
1508 1811 1708 1886 Grimoaldi
1731 1811 1840 1884 Ducis
1859 1813 1925 1884 Be·

1164 1915 1382 2004 neventani,
1408 1915 1443 1985 ἃ
1470 1911 1509 1986 in
1537 1914 1631 1986 calce
1657 1911 1741 1986 haec
1768 1911 1925 1985 scribun-

1163 2037 1246 2090 tur:
1284 2023 1393 2111 „Quam
1417 2019 1495 2088 vero
1527 2017 1737 2086 membranam
1771 2014 1925 2107 aoneeffio·

1164 2119 1214 2190 nis
1248 2117 1374 2191 dictavi
1413 2143 1468 2214 ego
1507 2117 1595 2209 Wtso
1632 2117 1848 2187 Subdiaconrrr
1888 2141 1926 2184 ex

1159 2219 1292 2314 s'affione
1319 2217 1522 2316 sapradiiiae
1547 2215 1716 2304 Potoflatis
1750 2215 1815 2288 tibi
1846 2221 1924 2290 Per·
1990 2294 1996 2303 ¹

1158 2323 1275 2418 goaido
1299 2321 1435 2393 Notaeio
1453 2319 1674 2410 scribendam.
1709 2321 1864 2390 Fuerunt
1889 2341 1926 2388 e·

1164 2422 1253 2498 tiam
1274 2419 1441 2510 Notarii,
1461 2419 1523 2518 qui
1543 2415 1822 2512 Amanuenstbus
1841 2439 1925 2489 con·
1966 2447 1968 2454 ·

1164 2523 1315 2598 trastum
1351 2521 1558 2596 distabant.
1592 2520 1689 2591 Turn
1717 2544 1760 2592 ne
1787 2516 1844 2590 cui
1871 2515 1925 2590 su·

1165 2625 1359 2725 spicionetn
1395 2621 1525 2696 faceret
1564 2620 1698 2693 alienae
1735 2617 1923 2718 scripturae

1166 2724 1271 2815 usus,
1307 2725 1518 2799 testabantur
1552 2719 1616 2822 ipsr
1645 2719 1684 2792 in
1711 2718 1924 2794 subscriben-

1165 2829 1233 2918 do,
1270 2824 1304 2900 se
1339 2826 1458 2900 eadem
1485 2827 1592 2897 verba
1617 2821 1720 2894 alteri
1756 2820 1926 2911 distaffe,

1166 2929 1220 3004 nti
1256 2927 1427 3004 constabit
1462 2924 1668 3040 eCharta,
1699 2923 1797 3042 cujus
1833 2919 1925 3042 anti·

1167 3023 1925 3202 nn:renuntiantium

1167 3223 1206 3299 ni
1232 3221 1377 3299 sanitae
1402 3223 1538 3314 Iuliae.

355 3559 535 3649 Godolus
564 3558 829 3650 Subdiaconus
860 3584 1003 3654 terram
1044 3563 1151 3654 [uam
1182 3519 1321 3652 vendit
1352 3561 1612 3678 Anselbergae
1642 3560 1865 3656 abbatiffae

568 3679 801 3778 Monasserii
831 3683 1040 3770 Brixienfis
1070 3681 1239 3770 Domini
1269 3681 1505 3795 Salvatotis,
1544 3687 1624 3772 five

796 3801 959 3890 Saniiae
989 3801 1143 3913 Juliae,
1172 3807 1295 3890 Anno
1327 3813 1427 3918 760.

399 4035 550 4126 Egnaote
583 4039 709 4107 Domrm
741 4034 906 4119 Desiderio
930 4037 974 4108 (θ’
998 4045 1052 4112 A·
1166 4039 1251 4114 riam
1276 4027 1435 4128 uestrum,
1471 4037 1515 4108 o
1540 4037 1618 4126 ejiat
1642 4037 1677 4112 in
1701 4056 1793 4134 parte
1817 4039 1926 4126 confli-

421 4135 562 4229 deigiso,
586 4137 677 4207 Viros
695 4137 972 4230 Excellentiffimis
987 4147 1052 4211 Re·
1095 4119 1124 4188 E
1167 4159 1257 4212 tntae
1292 4139 1327 4209 in
1362 4159 1467 4230 terra,
1508 4163 1567 4234 que
1596 4138 1805 4236 proprietario
1839 4139 1927 4232 juris

289 4235 408 4330 gibus,
434 4241 538 4308 Anno
562 4239 672 4332 Regni
698 4265 799 4312 eorum
825 4239 975 4334 Quinto,
1013 4243 1057 4310 θ

291 4338 453 4424 Secundo,
484 4337 547 4426 sab
577 4339 629 4408 die
664 4339 775 4412 vitano
805 4341 974 4413 Kalendas
998 4349 1052 4414 A·

289 4437 407 4533 priiis.
433 4441 471 4510 In
498 4437 621 4524 Christi
646 4442 773 4512 nomine
791 4441 943 4536 promitto
960 4461 1055 4540 atque

284 4537 424 4631 spondeo
448 4563 502 4628 ego
527 4540 669 4611 Godoirrs
696 4543 914 4615 subdiaconus
937 4541 1056 4614 saniir

290 4636 427 4716 Eoelelie
452 4639 608 4712 Brixiane
638 4645 730 4714 vobis
755 4643 957 4740 Anselperge
979 4647 1054 4718 Ab·

292 4737 403 4834 batrffe
428 4740 618 4826 Monalierii
643 4745 778 4816 Domini
802 4745 986 4818 Salinatoris
1005 4746 1054 4816 in·

292 4865 346 4916 tra
367 4841 543 4937 prediiiam
568 4843 747 4918 Civitatem
770 4845 963 4919 Brixianam
978 4845 1055 4936 fun·

292 4949 428 5044 datam,
452 4943 492 5015 de
509 4945 659 5016 meritorio
678 4947 760 5037 itta,
783 4969 842 5044 per
865 4973 960 5044 qaam
979 4972 1055 5043 gra·

292 5049 382 5121 ditur
416 5069 500 5144 aqna
533 5047 579 5119 od
610 5045 858 5146 suprascriptam
894 5047 1055 5138 Monaste·

1166 4240 1227 4312 mei
1262 4239 1414 4336 pertinere
1443 4240 1594 4332 martur,
1630 4241 1724 4336 esque
1757 4242 1802 4312 ad
1832 4241 1927 4334 pedes

1160 4339 1368 4437 septuaginta
1402 4341 1459 4432 sex
1494 4363 1552 4436 per
1585 4335 1745 4438 longam
1778 4341 1823 4410 Θ
1856 4339 1928 4436 ipsa

1166 4461 1251 4514 tema
1269 4441 1348 4513 mibi
1365 4440 1500 4514 advenit
1519 4443 1741 4516 ordenatione
1763 4463 1820 4537 pet
1838 4447 1927 4514 Lao·

1167 4541 1289 4616 nitbild
1312 4544 1355 4616 ab
1379 4543 1467 4614 Olrtt
1491 4543 1535 4614 Θ
1560 4547 1726 4616 Pharaone
1753 4545 1793 4613 de
1819 4542 1927 4633 Osola·

1155 4669 1227 4752 go,
1264 4645 1312 4716 ita
1337 4663 1374 4714 rrt
1397 4645 1437 4716 de
1462 4647 1571 4717 amodo
1596 4645 1630 4714 in
1653 4665 1836 4742 perpetuum
1855 4642 1928 4726 sine

1166 4771 1265 4836 mea,
1300 4745 1504 4842 heredumque
1539 4769 1673 4818 meorum
1708 4741 1928 4816 interdifiione

1163 4867 1348 4942 pennaneat
1376 4847 1520 4942 semper.
1555 4853 1604 4918 Et
1634 4843 1665 4931 fi
1699 4871 1759 4942 qrro
1793 4865 1928 4938 tempore

1167 4947 1251 5018 inter
1269 4947 1305 5040 se
1322 4947 1476 5044 'qualebit
1500 4947 1758 5042 conturbatione,
1793 4945 1850 5016 oei
1874 4937 1929 5014 r'u·

1165 5051 1303 5146 prora,
1325 5069 1384 5122 aut
1403 5045 1490 5140 ‘iasio
1515 5046 1613 5144 ipsias
1636 5047 1783 5119 carricati
1807 5041 1929 5140 aeceffe.

1589 5171 1592 5178 ·
1807 5166 1875 5238 rit,
