4540 6062
488 381 571 469 731
781 283 1197 472 Auernum.
1259 347 1726 438 neutrarum
1922 389 2012 472 732

351 487 355 494 '
426 470 1186 546 1².1).Maurusvattisnerius&rediui-
1222 472 1254 543 Α
1302 469 1432 542 bilium
1461 465 1522 542 sub
1548 470 1839 544 nominePerulia'
1861 491 1964 547 antea
1984 499 2071 550 con·

425 595 491 644 nus
518 574 640 647 Abbas
666 573 785 647 Sansli
824 574 920 648 Petri
952 573 1187 661 Mutinensu,

288 729 297 744 .
425 672 496 746 Vir
522 693 597 747 tum
634 673 818 764 doblrina,
859 693 935 750 tum
978 673 1187 750 suavissimis

424 775 583 849 moribus
610 773 906 878 spedlatiffimus3
937 804 1099 880 magnam
1129 805 1181 852 ve·

423 901 465 948 ro
491 873 619 948 famam
648 903 758 976 nuper
784 879 996 954 conciliavit
1022 880 1118 954 intra
1150 881 1184 953 δι

424 993 523 1050 extra
553 977 691 1050 ltaliam
720 981 777 1052 Cl.
800 977 868 1054 Vir
894 981 1076 1055 Antonius
1099 984 1185 1054 val·

424 1075 586 1152 lisnerius
612 1083 728 1178 Eques
764 1083 799 1153 &
837 1082 1008 1156 Patritius
1037 1083 1182 1182 Regien·

423 1177 465 1252 sts
477 1237 486 1266 ,
500 1179 662 1254 Medicus
679 1179 827 1256 intimus
844 1183 1086 1283 Augustisstmi
1098 1189 1180 1258 Cae·

1302 569 1495 670 gesserant,
1521 589 1562 644 ut
1587 572 1730 646 Liberis
1756 573 1866 663 edet,
1892 577 1985 650 unde
2012 576 2069 651 ai·

1302 690 1451 767 vereutl.
1488 670 1653 770 Denique
1688 693 1729 747 ut
1755 675 1842 748 alias
1868 677 2069 752 Manumis-

1302 770 1408 847 sionis
1455 773 1583 874 species
1622 775 1816 862 omittam,
1858 781 1876 850 ὲ
1907 781 2069 856 Servitu-

1303 873 1351 948 tis
1387 873 1543 950 vinculis
1578 875 1827 952 eximebantur
1866 881 1966 956 Servi
2007 909 2068 982 per

1303 975 1489 1076 postremas
1511 978 1747 1076 Domitiorum
1771 979 1928 1056 tabulas:
1958 981 2066 1080 idque

1302 1075 1401 1177 saepe
1420 1104 1460 1151 ac
1480 1077 1613 1178 saepius
1640 1080 1844 1182 accidebat3
1860 1102 1946 1158 tunc
1965 1088 2067 1160 enim

1303 1179 1345 1253 ad
1372 1178 1608 1254 Christianam
1636 1181 1836 1256 Caritatem
1872 1183 1906 1258 se
1932 1185 2067 1285 procli-

422 1279 508 1356 saris
541 1285 736 1357 CAROLI
763 1287 829 1356 Vl.
854 1287 888 1358 dr
917 1286 954 1358 in
991 1281 1187 1360 Academia
1306 1279 1422 1355 viores
1457 1279 1655 1356 sentiebant
1689 1281 1874 1376 homines,
1899 1287 1937 1358 dt
1972 1311 2065 1384 prae-

424 1384 596 1457 Pataviua
617 1381 1032 1482 primarius'Medicinae
1054 1385 1186 1461 Profes·
1233 1381 1260 1452 Β
1303 1383 1402 1454 mium
1425 1385 1582 1475 mbae,
1616 1381 1685 1458 stre
1719 1389 1864 1459 maa
1888 1390 2068 1462 seminale

422 1483 501 1577 sor,
521 1484 577 1560 sed
604 1485 707 1560 nobis
734 1507 952 1584 praematura
978 1507 1091 1563 morte
1114 1516 1184 1562 ere·

423 1603 524 1686 ptus.
552 1592 675 1686 Atque
701 1613 745 1660 ex
765 1586 931 1663 hablenus
954 1589 1113 1664 addublis
1132 1591 1182 1664 in·

423 1688 644 1788 telligimus,
672 1713 743 1762 non
769 1715 813 1762 eo
839 1689 979 1790 rigore,
1007 1691 1200 1791 postremis,

422 1787 548 1862 saltem
590 1789 761 1878 Seculis,
801 1791 918 1864 adium
965 1791 1065 1867 fuisse
1104 1819 1184 1866 cum

424 1890 541 1964 Servis
567 1893 602 1962 u
629 1887 830 1981 Ancillis,
856 1911 896 1966 ut
921 1894 1095 1992 quidquid
1122 1891 1185 1991 ipsa

424 1991 645 2110 acquirerent
670 2009 732 2064 aut
757 1993 997 2109 lucrarentur,
1026 1995 1186 2114 'Domi-no

424 2090 1186 2293 ssbsl⁰¹zzllsnbss⁶lassoss,²¹33

1304 1483 1318 1580 (
1338 1501 1377 1556 ut
1405 1483 1510 1557 babet
1537 1485 1811 1564 Valentinianus
1831 1489 2008 1590 Augustus
2026 1491 2067 1564 in
2089 1537 2094 1546 ·

1303 1589 1399 1685 Lege
1427 1591 1462 1660 8.
1488 1585 1567 1659 Tit.
1600 1589 1642 1658 de
1676 1586 1881 1681 infirmandis
1914 1592 1967 1662 his
1991 1591 2065 1672 &a

1304 1686 1432 1760 Codic.
1457 1683 1718 1788 Theodoliau.)
1757 1688 1899 1766 facilius
1924 1689 2067 1768 famulis

1307 1786 1370 1861 fibi
1396 1785 1478 1860 fidis
1503 1785 1734 1863 tribuebant.
1771 1794 1853 1865 Hac
1878 1797 1985 1866 etiam
2012 1817 2068 1884 ra·

1305 1889 1406 1962 tione
1432 1889 1686 1964 manumittere
1712 1895 1838 1966 Servos
1865 1892 1965 1986 suos,
1999 1893 2070 1968 sive

1303 1990 1453 2088 postrema
1474 1989 1598 2083 judicio
1625 1991 1789 2065 libanam
1812 1996 1862 2064 eia
1885 1999 1962 2066 dare
1974 2044 1986 2077 ‚
2012 1995 2071 2068 in·

1306 2089 1410 2178 dulfit
1436 2089 1688 2166 Constantinus
1725 2097 1880 2196 Magnus
1904 2095 2071 2198 srngulari

1306 2191 1498 2310 priqilegio
1517 2193 1695 2294 Clericis3
1716 2197 1750 2268 δι
1775 2197 1910 2296 primos
1928 2193 2071 2315 propte-

424 2294 508 2387 sua,
549 2295 633 2368 dum
662 2293 750 2368 lleri
778 2291 830 2369 sui
857 2297 1001 2396 negotia
1027 2323 1099 2372 non
1126 2325 1184 2372 ne·
1223 2286 1256 2357 C
1301 2293 1839 2370 reatnvexitManumiffionem
1852 2317 2067 2398 anteatgoo·

424 2398 630 2498 gligerent,
665 2395 769 2494 eique
805 2396 911 2470 utiles
947 2399 1108 2496 alioquin
1145 2427 1185 2474 ac

425 2497 594 2598 morigeri
620 2495 760 2570 forent.
787 2496 870 2572 Sive
895 2523 979 2598 ergo
1005 2527 1049 2574 ex
1079 2505 1184 2576 Pecu·

425 2599 470 2675 lii
506 2597 640 2700 proprii
676 2597 770 2670 bono
805 2597 890 2690 usu,
927 2601 996 2675 srve
1031 2629 1075 2676 ex
1103 2603 1185 2678 aliis

424 2699 591 2790 artibus,
633 2697 848 2774 connivente
892 2703 1085 2794 Domino,
1130 2707 1183 2776 lu·

426 2826 524 2876 crum
566 2795 629 2874 fibi
667 2819 896 2900 quaererent,
938 2825 1073 2876 certum
1114 2803 1183 2893 est,

424 2904 622 3000 complures
642 2927 686 2974 ex
706 2899 786 3000 ipfis
811 2899 949 2976 evasisse
973 2905 1060 2977 bene
1084 2929 1183 2978 num·

425 3019 571 3094 matos,
609 3021 715 3100 atque
748 3028 816 3103 ope
850 3004 991 3082 tandem
1031 3005 1182 3104 ejusdem

425 3105 513 3178 aeris
544 3105 761 3179 Libertatem
790 3102 884 3178 suam
905 3107 924 3178 b
948 3107 1115 3180 Daminis
1134 3133 1181 3180 re·

419 3305 618 3397 stobiensis,
645 3307 708 3404 qui
735 3305 879 3380 circiter
904 3310 1051 3382 Annum
1077 3308 1181 3384 Chri·

422 3409 463 3482 lli
501 3411 692 3483 Mchv.
718 3415 880 3480 Summam
905 3411 1005 3480 Artis
1030 3411 1185 3483 Neratiae

422 3507 577 3608 scripsit,
613 3535 685 3582 non
714 3507 818 3582 semel
843 3509 999 3599 editam,
1038 3515 1128 3598 Cap.
1148 3535 1184 3608 7.

423 3609 568 3686 Rubric.
590 3637 626 3716 4.
651 3608 802 3684 formam
831 3609 1033 3697 lastramrati
1059 3617 1184 3684 Mana-

421 3713 573 3806 miffimis
598 3711 718 3803 dedit,
745 3711 783 3786 in
810 3736 877 3808 qua
907 3711 1084 3786 Dominus
1111 3741 1182 3786 ma·

422 3838 470 3888 nu
498 3813 636 3904 mittit,
662 3814 697 3886 bt
725 3811 914 3886 Servitutis
939 3811 1084 3886 vinculo
1107 3813 1182 3888 exi·
1223 3809 1227 3816 ’

422 3915 493 3988 mit
529 3913 732 3987 Antonium
773 3917 940 4005 Servum,
975 3911 1117 4016 ejusque
1141 3915 1180 3990 fr·

423 4015 513 4110 lion,
553 4015 692 4090 tradens
726 4013 778 4089 εἰς
818 4037 917 4086 totum
950 4039 1053 4086 eatam
1088 4038 1182 4114 pecte

422 4117 525 4200 lium,
558 4114 785 4189 oranam'las
819 4117 954 4189 Domini
971 4117 1180 4212 separatam.
1219 4091 1248 4160 Ε

420 4217 531 4315 ldque
565 4217 652 4292 facit
684 4238 741 4314 pto
771 4219 874 4315 pretia
907 4241 1028 4290 eentum
1063 4221 1181 4292 Libra-

421 4315 492 4388 rum
517 4319 779 4394 Bononiensem:
809 4321 892 4416 quod
914 4321 1051 4416 pensam
1075 4321 1182 4393 disses

421 4416 748 4509 Dominus-conform
769 4419 837 4506 faie
863 4423 906 4490 Θ·
931 4441 1091 4492 tententur
1103 4468 1115 4502 ,
1145 4423 1182 4512 le

421 4517 469 4594 ab'
490 4519 555 4614 ipso
578 4517 728 4590 Antonio
750 4521 850 4587 dante
875 4523 919 4588 δ’
946 4523 1093 4610 solvente
1125 4543 1181 4615 pro

413 4621 451 4716 [ο
476 4621 521 4691 θ
544 4624 614 4690 uice
639 4614 687 4696 (φ’
714 4617 1016 4690 nominatissimum
1033 4619 1179 4711 filiorum

421 4719 511 4810 aius,
545 4713 684 4808 babuisse
718 4721 763 4789 Φ
802 4715 940 4816 recepiffe
966 4723 1035 4792 ore.
1063 4721 1176 4794 Fami·

421 4822 508 4895 liare
535 4838 653 4896 tamen
680 4817 749 4892 fuit
774 4819 857 4894 aliis
886 4819 1078 4910 Dominis,
1105 4825 1175 4896 Ser·

419 4945 484 4996 vos
510 4922 694 4998 Libertate
720 4920 955 5014 donantibus,
990 4923 1042 4997 eis
1068 4922 1177 4996 etiam

420 5023 543 5126 largiri
568 5021 742 5124 quidquid
770 5021 960 5100 mobilium
986 5051 1026 5100 ac
1047 5023 1176 5102 immo·

1300 2412 1395 2468 tamt
1416 2395 1511 2493 quod
1538 2396 1766 2498 priuilegium
1789 2399 1902 2497 possea
1923 2399 1999 2500 piae
2017 2399 2065 2474 li»

1302 2495 1499 2588 beralitatis
1532 2497 1651 2571 caussi
1684 2503 1726 2598 ad
1766 2501 1898 2574 Laioos
1923 2525 2064 2620 quoque

1300 2597 1626 2797 tlttbtit‘mtts
1652 2603 2065 2800 lbsssnzttbllz

1301 2793 1386 2868 baec
1412 2795 1609 2870 habentura
1640 2803 1690 2870 De
1707 2799 1815 2890 filia,
1850 2801 1941 2894 eujus
1972 2825 2065 2900 pater

1298 2916 1356 2992 per
1379 2923 1512 2969 mamam.
1532 2902 1701 2998 erogatoris
1727 2927 1829 2972 amnes
1853 2909 1970 2974 servas
1992 2905 2067 2995 suas

1298 2997 1390 3092 juffir
1406 2997 1486 3090 fieri
1510 2999 1643 3074 liberas.
1670 3007 1719 3073 Et
1742 3025 1820 3098 qma
1837 2993 2066 3102 abatemlegem

1251 3128 1256 3138 ·
1301 3098 1359 3194 effa
1383 3103 1533 3180 uidetur,
1570 3101 1784 3186 instituimus,
1826 3124 1863 3174 m
1897 3105 1966 3201 ipsa
1981 3107 2066 3198 filia

423 3205 589 3280 demisse.
629 3207 849 3280 Rolandinus
878 3207 1089 3306 Palfagerius
1117 3211 1182 3280 llo·
1225 3191 1258 3260 D

1302 3201 1335 3270 ia
1361 3201 1489 3272 tertiam
1522 3203 1696 3296 pot-tionem
1724 3208 1765 3282 aa
1791 3205 1946 3300 praefatis
1970 3205 2065 3278 rebar

1301 3300 1414 3372 iterum
1439 3304 1568 3372 introire
1590 3305 1704 3399 poffit.
1733 3305 1799 3386 Uti
1830 3306 2063 3408 Du-Canglus

1302 3401 1533 3502 jampridem,
1560 3407 1704 3480 collatis
1729 3407 1811 3480 aliis
1837 3407 2062 3482 auetoritati-

1303 3505 1366 3574 bus
1392 3504 1560 3590 monuit,
1586 3508 1774 3600 Eragararr's
1800 3509 1974 3585 vocabulo
1999 3509 2061 3604 def

1301 3601 1479 3703 signantur
1504 3603 1726 3704 Exsequutor
1760 3607 2058 3684 testamentarius:

1300 3731 1340 3778 ac
1360 3703 1507 3802 proinde
1527 3705 1610 3780 ltine
1631 3707 1821 3799 discimus,
1847 3711 2061 3786 conliteuisl'e

1301 3805 1478 3880 interdum
1519 3807 1649 3882 Laicos
1694 3809 1870 3886 reslatores
1916 3812 2060 3910 quibus-

1298 3933 1452 4004 cumque
1478 3908 1594 3982 Servis
1621 3910 1690 3984 suis
1717 3919 1753 3984 ln
1783 3914 1909 3985 ultima
1934 3915 2060 3988 volun·

1300 4026 1374 4083 tate
1387 4009 1788 4113 Libertatem·elargiri.
1815 4015 1932 4114 Hujus
1949 4007 2058 4089 etiam

1298 4107 1478 4184 facultatis
1504 4115 1706 4210 exemplum
1734 4141 1803 4186 non
1832 4141 1939 4188 unum
1964 4133 2059 4190 attu-

1298 4210 1328 4284 li
1354 4211 1394 4286 in
1429 4211 1653 4310 Antiquitat.
1678 4215 1894 4306 Ellenfibus,
1934 4215 2060 4312 produ·

1299 4311 1366 4386 etis
1407 4311 1587 4410 poslremis
1628 4315 1768 4410 aliquot
1805 4317 2058 4390 Marchionum

1299 4413 1449 4487 tabulis.
1472 4414 1509 4486 ld
1529 4441 1670 4512 quoque
1690 4417 1825 4490 eruitur
1845 4445 1888 4490 ex
1911 4427 2005 4518 Lege
2022 4443 2056 4516 3.

1299 4513 1479 4614 Aisl'ulphi
1522 4519 1648 4614 Regis,
1689 4545 1732 4590 ex
1767 4543 1836 4614 qua
1863 4519 2058 4609 discimus,

1299 4615 1415 4689 aslum
1435 4615 1723 4692 Manumilfaonis
1749 4619 1841 4694 circa
1861 4623 1986 4693 Altare
2005 4619 2055 4694 sar

1298 4716 1460 4790 ciendum
1501 4719 1601 4792 fuisse
1638 4721 1885 4816 postmortem
1914 4721 2057 4796 teslato-

1298 4817 1367 4906 ris,
1393 4819 1476 4892 dum
1505 4820 1536 4892 is
1563 4821 1689 4896 vivens
1715 4847 1785 4896 nou
1809 4822 1966 4896 fecisset.
1994 4820 2058 4896 Sed

1296 4920 1469 4992 &exea
1505 4919 1649 5020 Pippini
1686 4929 1782 5024 Lege
1817 4927 1965 4998 alterum
1994 4950 2059 4998 no·

1262 5034 1271 5106 Ι
1298 5019 1350 5096 bis
1376 5020 1594 5098 innotescere
1621 5025 1785 5118 videtur,
1812 5053 1936 5127 nempe
1954 5050 2060 5102 enor-

1914 5150 2007 5202 utem
