4536 6064
477 369 568 488 ‘67'1'
772 361 1184 485 ANTIQUIT.
1231 361 1473 458 MEDH
1519 367 1703 458 ΑΕΗ
1839 497 1842 507 Ι
1902 381 1995 492 6γὲ

420 642 447 686 ,,
473 589 620 692 Signum
632 585 769 664 Domni
777 585 926 680 Ottonie
935 585 1083 691 piiffimi
1106 577 1335 868 '‘fg-l*
1354 585 1870 692 acinriiiiffimiitnperetorie
1880 511 2054 696 Augnsiii·

1000 993 1106 1084 Adest
1130 993 1285 1090 Sigillum
1309 1019 1427 1068 cereum
1451 1023 1519 1069 erem
1544 993 1650 1096 effigie
1673 997 1800 1069 022sz
1823 995 1873 1076 ὅ*
1896 997 2001 1072 diteris

1127 1097 1270 1170 ΟΤΤΟ
1296 1101 1598 1173 IMPERATOR
1622 1102 1909 1176 AVGVSTVS.

465 1321 495 1394 '„
520 1298 712 1402 Luitgerus
746 1295 990 1374 cancellarius
1024 1295 1068 1370 ad
1103 1296 1220 1373 vicem
1254 1297 1421 1374 Widonie
1456 1298 1625 1403 Episcopi
1659 1303 1696 1376 dc
1724 1299 2046 1379 Archicanceilarii

416 1402 660 1503 „recognovi
687 1403 722 1476 δι
749 1399 951 1498 subscripsi.

467 1557 493 1596 „
521 1507 614 1578 Data
633 1507 697 1576 w.
715 1503 890 1576 Kalendas
910 1498 1081 1601 Augusti,
1102 1502 1210 1572 Anno
1231 1498 1443 1576 Dominicae
1462 1503 1722 1578 Incarnatiouis
1742 1505 2046 1582 Dccccfflv.

416 1659 442 1700 „
469 1605 670 1680 Indiiiione
697 1607 780 1678 VII.
805 1605 917 1678 Anno
943 1608 1027 1682 verb
1055 1601 1191 1676 Domni
1217 1601 1365 1676 Ottonis
1390 1603 1542 1706 Augusti
1568 1606 1795 1708 Imperatorio
1821 1606 1971 1683 Tertio.

466 1863 492 1902 „
517 1805 654 1884 Aiium
679 1810 779 1884 Luce
803 1804 978 1884 feliciter.
1004 1807 1144 1880 Amen.

466 2013 635 2087 Ceterum
674 2009 846 2112 postremo
881 2012 962 2082 loco
997 2005 1100 2082 sateri
1134 2033 1172 2080 o·

415 2130 555 2212 portet,
575 2111 614 2186 iu
633 2112 729 2187 varia
749 2110 936 2186 hominum
959 2109 1171 2186 Liberorum

415 2241 455 2289 ac
481 2219 668 2290 Servorum
691 2212 782 2313 apud
809 2231 942 2286 veteres
967 2210 1174 2286 conditione

413 2317 517 2418 plene
551 2313 806 2414 dignoscenda,
831 2337 1022 2408 eorumque
1057 2312 1172 2388 nomi.

414 2443 500 2493 num
535 2436 695 2492 accurata
724 2412 980 2514 significatione
1014 2412 1171 2488 indican-

414 2519 486 2611 da,
507 2521 621 2594 muita
656 2543 721 2593 noe
755 2514 895 2618 sugere,
922 2542 962 2590 ac
997 2513 1101 2590 tacite
1134 2543 1171 2590 u·

414 2645 501 2694 num
541 2645 622 2696 cum
662 2621 774 2692 altero
810 2615 979 2692 confundi
1020 2617 1112 2717 posse
1152 2619 1172 2692 i

414 2719 540 2810 nobie,
566 2719 637 2796 alia
661 2746 755 2794 nunc
782 2744 921 2794 morum
952 2716 1091 2794 ratione
1119 2719 1171 2794 vi·

1212 2009 1247 2080 A
1280 2007 1504 2096 accensum,
1527 2025 1590 2086 aut
1612 2009 1788 2086 redituum
1812 1973 1944 2086 certam
1963 2037 2046 2112 ptr-

1282 2127 1354 2184 tem
1373 2111 1421 2186 iis
1442 2110 1655 2187 reddebant·
1683 2113 1740 2187 sed
1763 2112 1815 2186 ite
1838 2110 1945 2186 insuti
1968 2115 2044 2212 gle-

1282 2211 1373 2301 bae,
1399 2210 1485 2286 idest
1510 2212 1603 2313 agric
1628 2175 1692 2288 ibi
1718 2211 1891 2305 creditis,
1917 2216 1957 2288 ut
1985 2213 2043 2286 in-

1281 2311 1324 2386 de
1351 2313 1473 2388 invito
1500 2313 1660 2390 Domino
1695 2316 1847 2417 migrare
1872 2313 1966 2388 nesae
1991 2312 2043 2388 es·

1282 2411 1353 2488 set.
1379 2417 1428 2488 Et
1453 2411 1478 2488 fi
1504 2413 1688 2515 quisquam
1716 2416 1835 2518 sugam
1861 2416 2042 2506 tentabat,

1282 2514 1324 2588 ad
1350 2517 1523 2613 exemplum
1548 2519 1647 2590 Servi
1665 2517 1834 2614 fugitivi,
1863 2535 1904 2590 ut
1932 2519 1979 2590 est
2002 2515 2071 2618 in¹

1280 2617 1306 2690 1.
1326 2643 1394 2688 eum
1409 2617 1496 2710 saee's
1518 2621 1561 2692 G
1584 2617 1730 2708 eodem,
1754 2643 1904 2716 poenm
1924 2617 2044 2692 incur·

1279 2716 1405 2806 rebat,
1432 2715 1536 2814 eique
1570 2715 1733 2792 fortunae
1766 2735 1842 2791 erat
1875 2718 1940 2792 ilie
1959 2721 2042 2814 Jup-

413 2821 599 2896 ventibus.
625 2825 720 2896 Nam
739 2819 895 2918 exempli
917 2818 1033 2893 causei
1054 2818 1093 2894 in
1112 2847 1171 2897 an·
1276 2815 1394 2912 positus
1419 2843 1485 2892 cna
1509 2845 1578 2890 curn
1603 2819 1688 2902 omni
1709 2817 1815 2910 sobole
1836 2819 1920 2909 lua,
1946 2819 2043 2892 uuila

411 2923 525 3022 tiquis
564 2921 804 2994 monumentis
839 2938 1029 2996 occurrunt
1063 2947 1174 3023 nuper
1212 2905 1257 2978 Β·
1280 2917 1465 2992 tibernione
1498 2919 1530 2990 ei
1563 2912 1692 3016 perieris
1721 2939 1935 3015 competente,
1973 2916 2042 2994 boc

413 3021 601 3099 memorati
635 3021 871 3117 Adlniptitii,
903 3023 938 3096 de
974 3023 1072 3096 Serui
1100 3026 1172 3122 gie.

411 3124 492 3211 iae,
519 3148 607 3221 quos
641 3121 806 3197 nonnulii
838 3121 931 3210 veris
966 3123 1082 3198 Servis
1116 3151 1171 3210 aeq

411 3221 574 3317 censent,
601 3249 709 3324 quum
742 3241 836 3300 certe
871 3224 967 3301 duris
994 3223 1169 3299 conditio·

334 3373 336 3376 ·
384 3328 515 3402 ¹nibus
551 3325 683 3400 addiiii
718 3325 836 3400 sorent
866 3325 1056 3414 Dominis,
1083 3351 1168 3426 quo·

410 3455 488 3526 rum
514 3453 594 3502 rura
616 3427 799 3501 colebant.
826 3430 1001 3502 Attamen
1022 3426 1166 3503 statuen-

409 3530 493 3606 dum
533 3527 607 3618 est,
648 3526 811 3602 servilem
851 3545 974 3602 notam
1020 3529 1170 3604 minime

408 3628 636 3727 Adseriptieiis
658 3627 890 3730 inurendam;
915 3627 1043 3704 Liberi
1068 3629 1168 3728 quip-

409 3759 452 3852 pe
478 3749 578 3805 erant
605 3755 686 3804 curn
712 3729 852 3829 origine
887 3749 964 3803 tum
997 3729 1169 3822 statu,&

408 3859 446 3908 tn
474 3833 499 3906 1.
518 3859 557 3903 ne
580 3830 705 3902 diutius
723 3835 767 3906 C.
792 3835 832 3902 de
849 3829 1014 3925 osgricoiis
1034 3833 1078 3900 (9⁶
1099 3861 1164 3904 ren.

403 3933 505 4026 fitis,
546 3929 687 4006 sortuna
735 3931 937 4028 adscriptitia
975 3931 1170 4031 opponitur
1277 3929 1321 4000 ad
1351 3955 1447 4002 arma
1484 3953 1547 4024 pro
1583 3928 1743 4004 Domino
1778 3927 1896 4004 sumen

1206 3805 1238 3876 C
1280 3825 1393 3908 mines
1418 3831 1458 3900 de
1484 3829 1649 3920 Maseadae
1684 3827 1752 3903 see
1776 3825 2037 4000 obstringebant

1283 3017 1351 3110 est,
1377 3018 1460 3102 dum
1490 3019 1665 3092 Dominus
1699 3035 1928 3120 repugnaret.
1957 3023 2041 3094 Non

1279 3120 1350 3194 alia
1385 3121 1593 3192 nutatim
1628 3119 1768 3194 fortuna
1806 3117 1907 3193 fuisse
1944 3119 2058 3196 uidc-¹

1278 3237 1356 3296 tur:
1385 3219 1457 3296 boe
1488 3219 1535 3296 esl
1569 3247 1640 3296 non
1673 3219 1814 3296 ratione
1849 3218 2038 3316 personae,

1279 3319 1336 3395 sed
1363 3320 1475 3414 ruris,
1502 3321 1560 3398 cui
1596 3339 1694 3397 erant
1723 3319 1913 3422 adscripti,
1940 3321 2038 3396 Servi

1279 3421 1542 3519 quodammodo
1566 3429 1838 3522 reputabantur,
1858 3448 1966 3522 quum
1987 3440 2038 3496 ta·

1279 3548 1360 3596 meu
1389 3523 1513 3598 Liberi
1539 3551 1659 3598 revera
1685 3523 1823 3616 soreut,
1849 3549 1961 3622 neque
1986 3521 2037 3598 ric

1279 3621 1321 3696 ad
1358 3621 1538 3723 pristinam
1576 3625 1795 3701 Libertatem
1834 3650 2038 3724 recuperan-

1278 3723 1359 3817 dam
1395 3723 1672 3818 Manumiffione
1706 3751 1794 3901 opus
1821 3726 1923 3804 esset.
1959 3729 2037 3800 Ho-

1924 3929 2037 4018 a,&

400 4034 547 4130 [Μῦς
572 4033 665 4134 quod
701 4033 736 4106 δι
770 4031 861 4108 aliae
895 4037 1009 4134 Leges
1044 4031 1166 4108 eodem
1245 4027 1317 4134 lin
1352 4027 1547 4104 exercitum
1585 4029 1796 4128 prodibant,
1822 4029 1964 4128 quoties
1998 4055 2039 4102 o·

405 4135 445 4211 in
484 4138 566 4210 loeo
606 4133 797 4208 evincunt.
836 4133 912 4228 Qui
952 4137 991 4208 in
1032 4135 1168 4212 Codice

405 4235 650 4311 Theodofiano
669 4235 753 4336 Lib.
779 4238 841 4310 xl.
861 4233 941 4309 Tit.
961 4257 1020 4328 24.
1039 4238 1079 4308 de
1101 4245 1165 4312 Pa·

396 4336 547 4407 'cruciariis
571 4337 596 4408 1.
622 4339 657 4412 6.
684 4337 906 4436 appellantur
940 4337 1025 4410 ilicis
1049 4339 1163 4432 adseri·

403 4434 478 4534 pti,
508 4435 544 4507 δι
583 4438 640 4529 qui
679 4439 846 4531 Homoiogi
886 4461 967 4508 more
1002 4438 1166 4534 gentilitio

405 4553 653 4632 nuncupantur,
688 4533 839 4632 ejusdem
876 4537 1013 4633 generis
1048 4537 1165 4629 suere,

405 4655 445 4714 ut
465 4632 624 4738 pluribus
644 4630 794 4707 ostendit
814 4633 1072 4710 Gothosredus..
1091 4645 1163 4714 Ru·

396 4739 472 4830 Jiici
492 4734 603 4813 etiam
623 4733 756 4810 alicubi
776 4733 1019 4832 appellantur,
1039 4737 1075 4808 &
1095 4734 1161 4812 sae.

403 4841 483 4944 pius
509 4839 623 4912 Coloni
648 4835 718 4911 five
754 4833 900 4910 Viiiani.
940 4837 1164 4914 Excolendos

401 4961 521 5018 autern
546 4940 784 5016 Dominorum
813 4962 917 5038 agros
942 4935 1163 5036 accipiebant

404 5042 598 5143 (quodie
635 5041 810 5142 agriculae
850 5037 956 5116 nostri
991 5037 1157 5140 sariunt)

1278 4157 1341 4229 pus
1367 4147 1461 4204 erat.
1485 4130 1699 4226 Adscriptieii
1725 4157 1809 4206 vero
1835 4129 1905 4204 five
1927 4131 2039 4204 Colo·

1278 4230 1340 4322 ni,
1366 4229 1535 4331 ejusmodi
1563 4231 1784 4331 obligatione
1817 4230 1956 4306 sortasse
1982 4257 2039 4304 ca·

1277 4333 1432 4406 ruerint.
1457 4334 1578 4406 Secula
1602 4332 1787 4432 posteriora
1815 4331 1898 4408 aliie
1921 4330 2054 4406 nomi·'

1255 4433 1382 4510 nibus
1415 4431 1672 4532 fignificarunt,
1699 4462 1789 4533 quae
1824 4432 2036 4534 antiquiori·

1279 4534 1405 4610 busin
1433 4533 1494 4608 usu
1516 4555 1633 4608 erant.
1661 4540 1759 4610 Haec
1784 4553 1900 4612 autem
1931 4533 2038 4638 Agri·

1278 4638 1434 4710 colorum
1470 4636 1632 4710 conditio
1658 4638 1696 4712 in
1725 4640 1830 4714 Italia
1864 4635 1964 4714 desrit
1997 4637 2036 4710 ei

1277 4735 1353 4834 ipsi
1377 4735 1421 4810 de
1449 4736 1585 4828 causei,
1609 4763 1700 4834 quae
1736 4739 1852 4816 servos
1880 4739 2035 4814 sustulit.
2159 4803 2163 4817 .

1279 4837 1462 4914 Nimirum
1490 4837 1652 4934 proscisso
1677 4845 1800 4942 Regno
1824 4867 1932 4943 paene
1958 4838 2035 4928 duxi

1276 4936 1315 5010 in
1342 4936 1545 5014 innumeros
1569 4941 1830 5032 dominatores,
1856 4940 1880 5014 st
1903 4941 1964 5040 qui
1990 4969 2034 5016 ex

1276 5037 1370 5112 hisee
1413 5041 1565 5118 Colonia
1603 5041 1644 5118 in
1685 5039 1923 5120 finitimorum
1964 5043 2039 5139 ple·

1836 5169 1985 5242 rumque
