4536 6064
296 393 380 494 σῃ
599 375 967 472 nrssorrrrro
1008 379 1505 502 ourrrnnrrnvr:
1723 401 1808 508 674

237 523 388 598 rumque
415 490 645 573 inimicorum
681 498 870 576 ditionem.
885 497 996 602 sugie·
1037 510 1072 578 A
1107 509 1242 578 Verum
1278 503 1468 580 barbaricis
1494 500 1649 581 saeculis
1675 529 1746 580 non
1783 508 1867 584 saris

238 601 347 689 bant,
371 597 469 672 nulla
497 607 571 672 era't
596 598 690 674 ratio
715 624 775 676 eos
798 602 930 678 iterum
956 604 998 680 ad
1107 619 1266 680 accurate
1292 604 1495 706 aequiffima
1521 604 1606 680 baec
1640 606 1777 684 decrero
1803 611 1869 684 ob·

238 700 425 780 servitium
463 699 631 799 cogendi.
666 705 786 797 Quare
812 703 919 780 satius
944 707 999 782 vi·
1108 705 1355 799 servabantur,
1381 705 1451 782 five
1477 709 1507 780 E
1532 706 1731 807 iscopomm
1751 707 1867 786 nimia¹

238 803 314 879 sum
329 799 397 892 est,
415 798 462 876 iis
480 799 612 878 duritie
629 805 731 880 omni
749 804 902 906 depofirl
922 808 1000 893 uti,
1107 806 1354 908 indulgentis,
1388 807 1458 884 five
1494 733 1732 883 dominorum
1769 837 1869 912 prae.

241 903 310 980 boc
336 903 393 979 'est
431 903 566 979 intasii
604 904 751 982 illorum
791 908 998 986 Libertate:
1107 909 1286 1009 potentii.
1314 913 1369 1011 De
1403 907 1605 1010 hujusmodi
1640 911 1746 986 abusu
1782 939 1869 988 con.

242 1005 858 1208 lllnmbsslllolllibhlt
878 1011 1001 1191 llll:
1093 1009 1314 1213 'litigii
1335 1009 1887 1216 stillalrlrill‘lii·

243 1211 373 1286 bantur
398 1208 493 1284 inter
519 1213 706 1306 Proceres,
725 1229 786 1288 aut
805 1215 920 1290 Urbes
945 1215 1000 1290 vi·
1111 1239 1170 1290 22.
1199 1213 1385 1313 inquiens:
1413 1213 1648 1288 admittuntur
1678 1215 1791 1310 paffim
1824 1219 1870 1290 ed

243 1312 367 1403 einas„
394 1327 435 1386 ut
459 1311 577 1386 neutri
604 1317 696 1413 parti
730 1315 878 1408 liceret,
902 1317 1001 1390 bomi-
1109 1315 1259 1388 Ordinem
1274 1313 1421 1408 sermm,
1439 1317 1554 1412 quibus
1571 1315 1665 1390 nulla
1686 1317 1869 1410 amatium,

243 1439 313 1485 roem
337 1412 470 1488 alterius
494 1415 626 1496 retinere
651 1415 728 1514 (ita
754 1417 851 1492 enim
876 1419 999 1518 loque·
1027 1417 1075 1486 vB
1111 1417 1204 1491 nulio
1237 1441 1356 1488 morum
1388 1417 1538 1514 dignitas
1564 1417 1784 1514 suffragatur.
1821 1423 1871 1490 Eo

244 1513 422 1614 bantur);
449 1517 572 1590 verbm
598 1533 639 1591 ut
664 1515 853 1616 amicitia,
878 1518 932 1594 ita
965 1521 1001 1594 ἀ
1110 1519 1166 1616 qui
1190 1521 1213 1589 ol
1237 1516 1387 1591 Dominis
1406 1518 1476 1612 svis
1500 1519 1696 1590 Libertatem
1728 1519 1871 1616 consequi
1949 1591 1951 1596 .

242 1613 385 1690 foedera
410 1616 485 1691 levi
519 1617 666 1717 negotio
701 1635 787 1694 tune
821 1619 999 1696 evanesce·
1111 1620 1240 1692 minime
1269 1638 1462 1716 posuerunt,
1489 1621 1535 1693 ad
1562 1619 1728 1715 fastigium
1761 1625 1874 1692 saror.

244 1715 360 1809 bant,
394 1743 434 1791 ac
469 1720 609 1793 nullum
668 1720 791 1796 rninde
826 1721 1003 1797 efficacius
1028 1715 1034 1770 ¹
1110 1721 1213 1812 dorii,
1239 1740 1399 1817 tamquam
1414 1719 1548 1812 seruilis
1569 1720 1686 1792 vilitas
1709 1721 1793 1793 huno
1816 1721 1873 1793 bo·

243 1815 382 1894 frenum
409 1817 452 1892 ad
479 1746 710 1896 cohibendim
750 1821 1002 1924 Agricolamm
1113 1847 1214 1894 norem
1232 1821 1360 1918 rapiar,
1375 1821 1611 1917 proturbantur.
1634 1824 1733 1896 Haec
1752 1823 1872 1900 lucena

247 1918 367 2018 sugam
402 1919 604 2022 superfuit,
639 1949 745 2021 quarn
764 1924 911 1999 leniter
945 1949 1004 2000 ens
1113 1921 1244 1996 dabunt
1271 1920 1470 1996 Donationi
1502 1919 1615 1996 sasire
1640 1923 1660 1992 l
1686 1921 1873 1998 Guaiserio

244 2019 402 2114 habere,
442 2021 477 2094 δι
513 2019 646 2114 fincte,
682 2041 722 2098 ut
760 2025 945 2100 Libertate
983 2026 1005 2098 l
1116 2022 1278 2121 Principe
1304 2022 1525 2096 salernitano
1552 2020 1726 2096 Ecclesiae
1751 2024 1873 2102 Sansli

245 2123 326 2198 Deo
351 2121 433 2216 data
458 2120 674 2199 fruerentur.
712 2130 821 2226 Supra
848 2125 1005 2202 vidimus
1114 2121 1292 2214 Maximi,
1322 2121 1361 2196 in
1396 2147 1465 2221 qua
1490 2121 1522 2196 is
1558 2121 1672 2196 eidem
1698 2125 1803 2200 olsert
1829 2128 1875 2198 ol

246 2220 297 2298 sas
333 2223 483 2298 minime
519 2222 617 2298 suisse
655 2225 888 2322 Adscriptitiot
926 2253 1005 2328 Pro·
1112 2223 1372 2317 deserviendum,
1398 2221 1445 2302 &¹
1480 2225 1606 2296 lauden
1640 2227 1778 2296 Domino
1803 2228 1879 2298 aad·

247 2348 392 2400 movere
419 2323 461 2397 ad
488 2321 600 2398 sacros
635 2325 807 2400 Ordines.
843 2331 931 2402 Sunt
966 2327 1009 2400 in
1043 2323 1076 2394 C
1113 2327 1251 2416 olendum
1270 2346 1381 2422 pueros
1406 2322 1567 2422 aliquot,
1590 2328 1610 2398 ὲ
1634 2323 1762 2423 quibus
1785 2352 1876 2400 non·

247 2423 340 2500 hanc
388 2450 461 2499 rem
511 2426 708 2526 complures
757 2427 1006 2502 Conciliorum
1116 2424 1206 2500 nulli
1246 2439 1345 2499 era'nt
1379 2423 1540 2516 Diaconi,
1566 2441 1629 2505 aut
1655 2425 1849 2500 Subdiaeooi
1861 2483 1874 2522 ,

246 2529 434 2617 canones,
460 2552 550 2625 quos
584 2525 760 2602 recensere
795 2526 1007 2630 superfluum
1116 2523 1246 2626 reliqui
1282 2524 1422 2598 Clerici.
1463 2525 1500 2598 si
1535 2525 1639 2600 offert
1674 2526 1874 2624 Ecclesrae,

248 2623 361 2718 soret,
401 2625 518 2701 Servis
553 2628 723 2703 accessum
758 2627 1009 2704 interdicentes
1117 2653 1200 2746 ergo
1227 2625 1288 2702 sub
1314 2626 1388 2728 ejus
1414 2624 1602 2726 potestate,
1629 2653 1669 2700 ac
1700 2629 1774 2726 jure
1802 2633 1879 2724 Dn-

248 2725 440 2804 ada-sacros
475 2727 575 2803 Cleri
620 2727 771 2829 gradus,
807 2729 871 2802 nili
911 2727 1009 2828 prius
1118 2726 1280 2802 monicali
1302 2726 1415 2801 adhuc
1437 2748 1562 2802 erant.
1582 2730 1877 2828 Pergamenaau·

247 2828 516 2906 Libertatrml
553 2827 721 2904 Dominis
746 2829 1019 2928 impetrassent,
1059 2918 1080 2926 ,
1116 2827 1275 2904 tbentica
1294 2825 1495 2902 adservatur
1511 2829 1551 2904 in
1575 2829 1771 2906 'fabulatio
1790 2835 1877 2906 Mo·

1116 2927 1255 3006 naslerii
1280 2925 1469 3004 Cavenlis.

246 2932 346 3004 llaec
383 2945 501 3000 autem
542 2927 761 3024 potissumum
801 2928 1009 3028 exigebatur

247 3027 288 3105 in
327 3025 578 3130 promovendis
616 3026 660 3102 ad
697 3025 1008 3121 Presbyteratum.

308 3261 460 3350 Charta
490 3255 685 3348 Gnaiierii
715 3255 902 3378 Principis
931 3255 1190 3370 Salernitani,
1227 3287 1306 3380 qua
1337 3257 1532 3346 Ecclefiae
1561 3257 1693 3349 saneti
1725 3263 1819 3350 Ma·

509 3375 611 3468 rimi
639 3375 664 3462 b
694 3375 729 3461 se
758 3377 982 3466 aedificatae
1000 3377 1139 3464 ‘multa
1168 3377 1314 3488 donat,
1345 3383 1468 3466 Anno
1499 3381 1595 3494 874.
1605 3409 1620 3494 3
1651 3389 1682 3438 '-

639 3495 848 3584 restaurata
877 3499 918 3584 is
948 3495 1179 3586 confirmata
1207 3501 1331 3584 Anno
1365 3501 1491 3586 1118.

251 3780 277 3820 „
352 3733 389 3803 N
411 3728 557 3806 nomine
578 3727 730 3824 Domini
754 3730 824 3806 Dei
843 3728 956 3806 eterni
976 3729 1016 3807 δι

212 3904 215 3910 ,
251 3879 278 3920 ,,
376 3829 571 3906 Salvatoris
600 3831 712 3907 nollri
751 3830 829 3922 Jesu
861 3831 1015 3907 Christi.

251 3981 278 4022 „
304 3931 415 4004 Anno
439 3931 482 4005 ab
501 3932 749 4010 incarnatione
768 3934 848 4036 ejus·
862 3931 1015 4008 Millefi·

252 4081 279 4123 ,‚
305 4057 367 4105 mo
385 4029 586 4108 Centefimo
601 4033 902 4118 octavodecimo,
921 4051 1014 4110 tem-

251 4131 449 4233 „poribus
487 4133 640 4210 Domini
676 4135 784 4210 nollri
821 4134 1013 4212 Guilielmi

252 4281 279 4324 „
304 4233 447 4334 gloriosr
472 4233 711 4334 Principis&
738 4235 870 4321 Ducis,
897 4236 1013 4314 mense

253 4383 280 4427 ,‚
305 4334 473 4412 Oilobris
483 4385 495 4419 ‚
517 4339 600 4410 111.
619 4335 838 4414 Indislione.
857 4339 954 4414 Dum
973 4339 1012 4414 in

253 4485 280 4526 ‚,
306 4436 523 4535 Monasle'rio
538 4435 655 4514 sansle
671 4435 710 4512 ἃ
727 4438 911 4516 individue
925 4439 1012 4514 Tri·

254 4585 280 4627 „
306 4538 459 4622 nitatis,
495 4538 590 4638 quod
617 4539 850 4617 construsium
877 4539 924 4614 eil
957 4539 1013 4616 sn-

253 4637 356 4728 „ris
389 4637 481 4714 hane
517 4640 775 4718 Salernitanam
812 4639 1012 4718 Civitatem

252 4787 281 4832 „
305 4739 347 4816 in
380 4741 464 4819 loco
497 4742 722 4826 Metiliano,
757 4741 816 4820 cui
852 4746 1014 4820 Domnus

254 4845 433 4937 „Petrus
460 4843 574 4944 gratia
600 4845 672 4920 Dei
696 4843 909 4922 venerabilis
935 4846 1015 4920 Ab·

254 4991 281 5040 „
307 4943 369 5020 bae
403 4943 535 5046 preest,
570 4945 673 5020 essem
709 4973 775 5047 ego
804 4950 927 5022 Petrus
953 4951 1015 5037 Ju-

254 5093 280 5141 „
306 5045 398 5130 dex,
421 5045 461 5122 in
484 5043 604 5123 eadem
629 5045 823 5148 praesentia
846 5047 933 5146 juffu
959 5047 1015 5152 ip—

351 5155 441 5223 Tum.
468 5151 508 5223 ll

1050 3732 1095 3804 D'
1121 3783 1147 3824 „
1173 3730 1239 3808 fias
1265 3727 1401 3806 Domni
1428 3727 1582 3806 Abbatis
1612 3726 1741 3806 ostensa
1766 3729 1813 3805 est
1839 3747 1880 3808 ui·

1121 3885 1146 3924 „
1174 3860 1219 3908 rra
1237 3835 1406 3914 Cartala,
1426 3859 1493 3932 que
1510 3829 1737 3910 continebat.
1765 3830 1802 3906 ln
1817 3859 1879 3904 no-

1120 3934 1205 4007 mime
1228 3935 1363 4008 Domini
1388 3935 1453 4007 Dri
1476 3933 1659 4006 salvaraeio
1675 3933 1758 4024 Jesu
1783 3935 1879 4006 Chri-

1113 4035 1161 4124 fia·
1172 4088 1183 4108 .
1208 4044 1380 4132 Regnante
1404 4039 1527 4106 Domuo
1545 4033 1684 4114 ‚Lodoieo
1708 4039 1880 4130 imperoto-

1121 4162 1155 4207 re
1187 4133 1360 4232 Auguliu,
1399 4140 1502 4208 Anno
1536 4139 1604 4206 Dro
1640 4133 1778 4230 propitio
1811 4131 1884 4225 eius

1122 4235 1252 4334 Imperii
1271 4233 1443 4332 Vigefimo‚
1462 4234 1561 4326 mense
1576 4235 1786 4316 Nouembris,
1808 4239 1881 4310 Vll.
1999 4293 2001 4298 .

1123 4334 1302 4412 ludiisiono
1317 4333 1478 4432 (scilicet
1493 4338 1602 4410 Anno
1616 4333 1748 4409 Christi
1769 4340 1850 4434 874.
1865 4337 1881 4436 )

1124 4444 1197 4534 Ego
1219 4435 1405 4528 Guaisooius
1428 4435 1548 4510 diuina
1569 4435 1681 4530 gratia
1708 4436 1860 4534 Princeps
1867 4487 1881 4521 ,

1116 4539 1215 4633 filius
1252 4536 1331 4612 bono
1370 4537 1511 4610 memorie
1548 4537 1728 4628 Dmfmii,
1767 4537 1883 4610 diuino

1054 4637 1084 4708 E
1124 4639 1246 4716 aaaa'ln
1278 4665 1326 4712 me
1358 4639 1558 4720 adiuvante,
1594 4639 1681 4710 intur
1713 4639 1794 4710 bono
1818 4641 1885 4712 tos

1124 4742 1319 4816 semitonum
1351 4739 1528 4814 Civitatem
1553 4763 1575 4810 a
1596 4737 1691 4834 super
1725 4737 1785 4826 ista
1819 4735 1883 4808 Fi-

1118 4843 1209 4932 Jiulo
1240 4842 1413 4940 propinquo
1446 4839 1516 4930 cuso
1549 4864 1618 4908 meo
1642 4866 1664 4909 a
1692 4835 1884 4926 fundamine

1126 4944 1289 5040 usquead
1313 4943 1432 5014 cainan
1458 4937 1627 5022 Ecclefiam
1652 4936 1718 5010 Dei
1751 4935 1882 5027 casilien-
1934 4971 1936 4976 ·

1125 5046 1166 5118 ui
1191 5043 1226 5116 in
1252 5043 1362 5114 bonon
1386 5037 1434 5118 &¹
1459 5039 1618 5126 ,manaan
1651 5036 1738 5112 beati
1771 5035 1885 5114 suff

1225 5145 1258 5215 x
1283 5166 1307 5214 X
1713 5139 1838 5218 Maxsss,
