4592 6066
329 413 409 523 381
619 396 1072 493 DlSSPRTATIO
1113 377 1548 493 DUODFCIMA.
1755 406 1836 523 382

292 553 295 561 ·
316 529 449 600 Oculos
474 520 616 598 intende
640 522 679 594 in
702 522 807 598 verba
831 520 916 594 illa:
942 526 1026 591 Can·
1068 522 1104 594 A
1140 523 1306 617 Presbyter
1324 521 1462 614 scrivere
1487 520 1629 622 rogavi,
1649 521 1757 600 Hisce
1783 521 1900 601 verbis

134 644 138 652 ’
265 628 401 701 cedimus
425 627 556 723 denique
589 623 689 696 sideru
713 627 927 713 musaeus,
954 621 1028 706 ssue
1143 623 1333 698 Notarium
1362 620 1546 721 agnoscis.
1583 627 1624 696 in
1655 627 1763 700 altera
1789 629 1902 704 Char.

267 733 444 820 Notarius,
479 747 611 824 quanm
647 727 691 796 6*
725 733 832 822 quales
859 721 1028 814 Pontifices
1142 741 1178 796 ta
1202 723 1831 816 Anni<DcCLxxx111.Johsnnes
1855 733 1902 802 E·
1937 802 1940 808 .

153 828 156 834 ’
267 834 323 902 vel
347 830 496 916 Minrstri
522 825 677 912 Ecclestue
701 827 872 923 elegerint,
899 847 966 897 tarn
990 825 1029 896 de
1142 823 1302 924 piscopus
1337 824 1502 900 Lucensrs
1536 826 1797 922 Raebiprrndune
1824 839 1902 904 Pre-
1936 823 1939 830 ’

140 966 142 969 ·
261 934 370 1026 suis,
390 955 541 1029 quamque
568 931 608 1000 de
641 927 757 998 alienis
781 927 907 1000 Liberis
932 926 1028 998 horni-

1140 927 1290 998 sbiterum
1325 927 1459 1014 nostrum
1488 925 1603 1018 seibere
1630 931 1831 1003 commonuit.
1868 933 1902 1004 I.

270 1037 384 1124 nibus,
413 1033 469 1129 qui
494 1029 631 1122 ejusdem
657 1029 819 1125 Episcopii
845 1031 900 1112 vel
923 1034 1025 1104 ‚Casa
1137 1044 1215 1100 tem
1250 1026 1289 1100 in
1325 1025 1395 1101 alia
1422 1029 1523 1101 Anni
1552 1031 1821 1126 DCCCxclII.
1851 1033 1903 1104 le·

270 1135 383 1224 nicae,
412 1134 470 1226 seu
496 1131 635 1202 omniurn
659 1130 847 1202 Cleriesrum
875 1128 1029 1221 suorum,
1144 1130 1261 1228 gitur:
1284 1135 1357 1225 Ego
1374 1131 1562 1202 Gumbrrtus
1579 1133 1737 1202 Pr’esbiter
1752 1133 1820 1227 post
1837 1152 1906 1205 tra·

271 1261 373 1306 rerum
398 1233 557 1306 utilitates
581 1257 714 1304 exercere
739 1233 927 1325 nuscuntur.
955 1229 1029 1304 .Vi·
1144 1231 1247 1304 ditum
1281 1231 1434 1326 complevi
1468 1233 1512 1299 Θ
1545 1227 1621 1302 dedi
1634 1283 1644 1304 .
1685 1231 1777 1306 Vide
1811 1231 1905 1308 inste

269 1335 350 1410 disti
377 1339 504 1408 Liberos
538 1337 676 1408 tantum
713 1333 851 1407 homines
885 1330 938 1404 ad*
955 1335 1026 1407 No·
1147 1331 1435 1406 Dissertationem
1462 1335 1631 1406 LXXIV.
1656 1335 1697 1403 de
1722 1335 1904 1408 Paraebiis.

270 1439 438 1514 turiatum
463 1436 562 1512 fuisse
581 1436 770 1508 assumtos:
793 1430 1028 1506 honorificum
1075 1427 1102 1496 Β
1146 1432 1276 1506 Eidem
1299 1433 1437 1507 ratione
1461 1435 1577 1532 plures
1597 1431 1797 1527 Diaconos,
1818 1438 1906 1510 Sub·

271 1538 402 1639 quippe
428 1536 520 1610 olim
556 1535 652 1626 suit,
687 1536 722 1607 δι
757 1533 970 1608 laudabilius
998 1560 1030 1606 e·

127 1639 130 1644 ’
173 1707 176 1712 ,
271 1642 361 1714 tiam
388 1641 494 1737 quim
529 1636 652 1711 nostris
681 1634 899 1732 temporibus
934 1633 1032 1708 habi·

271 1759 350 1816 tum
377 1740 423 1814 est
458 1737 549 1818 illud
582 1762 733 1810 munus.
770 1737 923 1810 Romani
959 1739 1031 1810 Ser·

272 1868 337 1916 cros
364 1867 503 1940 quoque
529 1841 563 1912 8(
592 1838 758 1914 Libertos
793 1837 834 1910 ad
862 1835 1032 1937 ejusmodi

271 1947 402 2018 Artem
429 1941 520 2031 olim
547 1938 752 2014 adhibuere.
779 1937 844 2012 Sed
869 1937 1032 2038 posterio-

274 2043 371 2119 ribus
410 2041 594 2128 Saeculis,
634 2039 828 2116 Nobilibus
864 2042 1036 2130 tantiam,

276 2162 337 2218 sut
373 2143 495 2216 saltem
522 2141 724 2216 Liberis&
760 2167 831 2214 non
866 2141 1036 2240 ignobili·

276 2247 365 2337 bus,
401 2243 649 2318 Tabellionem
684 2267 783 2342 agere
811 2241 943 2315 licuit.
980 2245 996 2314 1

276 2347 439 2420 venimus
475 2361 591 2418 autent
629 2342 805 2418 interdum
821 2341 960 2434 'Judiaes

276 2449 322 2520 eri
347 2446 494 2534 Palatii,
522 2444 585 2541 qui
620 2441 721 2517 fimus
749 2442 859 2517 ctiam
889 2445 1039 2516 Notarius

275 2546 344 2622 sese
370 2545 598 2663 inscribuntt
626 2544 725 2661 cujus
751 2543 802 2661 rei
829 2571 901 2661 non
919 2569 1036 2660 'unum

276 2643 1037 2846 iiiiiiisii‘isii‘iiiiii-ri}

230 2869 233 2876 ⁴
278 2852 513 2924 stellionatus.
541 2848 600 2920 Ad
628 2847 713 2920 baec
740 2847 777 2920 in
804 2847 938 2924 Charta
965 2849 1037 2922 Lu·

279 2949 365 3022 censs
395 2949 524 3045 scripta
549 2949 658 3040 Anno
689 2948 892 3016 DCCXVI.
917 2971 1038 3016 occur·

278 3049 327 3124 rit
355 3047 506 3120 Ultianus
520 3045 707 3132 Notarius,
734 3043 769 3114 δι
797 3039 917 3134 Missus
943 3047 1039 3112 Dara·

279 3151 316 3222 ni
337 3148 442 3244 'Regis'
468 3143 710 3243 Liutprandi,
737 3140 779 3214 ad
806 3140 1039 3214 dirimendam

280 3245 550 3324 controversiam
595 3243 638 3318 de
682 3239 888 3340 quibusdam
937 3245 1040 3314 Paro·

281 3351 455 3424 chialibus
480 3343 661 3422 Ecclesris.
690 3348 813 3440 Neque
837 3343 880 3416 ab
902 3369 944 3416 eo
966 3367 1040 3414 ntu-

282 3449 601 3526 nere'abstinebaot
624 3443 782 3536 Clerici,
806 3441 1040 3531 subdiaconi,

282 3553 461 3640 Diaconi,
498 3571 604 3648 atque
642 3545 867 3640 Presbyteri.
904 3549 946 3618 in
981 3571 1039 3618 au·

280 3654 439 3728 theutica
467 3652 601 3727 Charta
635 3646 783 3724 Lucensr
819 3645 861 3720 ad
892 3650 1039 3722 Annum

281 3751 464 3828 DCC'XL.
498 3749 700 3849 spesiante,
735 3747 867 3846 legitur
900 3747 939 3821 in
971 3750 1040 3821 eal·

282 3881 351 3932 ce:
391 3861 440 3927 Er
473 3852 673 3925 Gaudentius
706 3850 855 3949 parevis
888 3849 1041 3948 indignus

1146 1533 1342 1626 diaconos,
1375 1537 1411 1608 &
1447 1533 1607 1609 Clericos
1642 1535 1834 1634 reperimus
1868 1561 1915 1610 οι·
1966 1580 1970 1588 -

1147 1635 1213 1708 lim
1241 1637 1450 1710 Notariatus
1476 1661 1619 1718 munere
1646 1634 1806 1712 sunsios.
1836 1643 1908 1712 Ve-

1149 1739 1225 1809 rium
1244 1739 1376 1810 Carolo
1396 1741 1450 1810 M.
1470 1736 1585 1810 visum
1610 1735 1656 1810 est
1679 1738 1828 1814 minime
1847 1739 1907 1813 de·

1149 1865 1224 1912 cere
1250 1837 1451 1912 Sacerdotes
1484 1839 1655 1936 ejusmodi
1691 1865 1832 1932 curam,
1868 1867 1908 1916 ac

1151 1937 1298 2037 proinde
1321 1937 1359 2010 in
1386 1943 1483 2039 Lege
1509 1940 1570 2036 96.
1597 1941 1819 2038 Langobard.
1845 1939 1909 2016 ila·

1149 2038 1243 2130 tuit,
1272 2060 1308 2113 ut
1334 2041 1442 2112 nullus
1466 2045 1634 2136 Presbyter
1657 2043 1811 2116 Chartam
1830 2045 1910 2134 Jeri·

1149 2147 1226 2231 bat,
1264 2167 1360 2236 neque
1384 2141 1548 2214 coadunes
1571 2142 1684 2229 euislat
1704 2143 1782 2233 suis.
1800 2139 1912 2216 senio·
2008 2187 2009 2192 κ

1149 2244 1256 2316 ribus.
1280 2244 1407 2314 Parium
1432 2260 1549 2324 tamen
1568 2242 1788 2316 observatam
1813 2244 1912 2318 dein·

1150 2340 1317 2418 defuisse
1353 2341 1443 2416 hanc
1470 2347 1604 2443 Legem
1631 2360 1749 2416 vetera
1784 2369 1911 2422 monn·

1152 2463 1269 2518 menta
1293 2441 1481 2518 testantur·
1505 2461 1696 2520 occurrunt
1719 2444 1813 2518 eninr
1838 2471 1913 2520 non

1152 2543 1253 2644 pauci
1282 2507 1482 2640 Presbyteri
1506 2543 1549 2618 ad
1578 2545 1668 2619 illud
1696 2569 1843 2639 munus,
1871 2565 1920 2622 ut·

1151 2643 1294 2736 censeo,
1314 2672 1375 2744 per
1399 2644 1592 2745 Episcopos
1617 2645 1756 2720 assumti
1779 2649 1825 2721 ob
1845 2651 1915 2722 Ec·

1151 2744 1330 2820 clefisrum
1356 2745 1493 2820 suarum
1529 2747 1698 2846 negotia:
1735 2745 1849 2822 immo
1875 2753 1912 2823 ἀ

1151 2849 1193 2921 ab
1220 2845 1300 2946 ipsis
1326 2847 1517 2948 Augustis.
1533 2889 1539 2902 ·
1555 2850 1724 2946 Pleraque
1749 2849 1914 2925 Lu'dori.

1151 2947 1184 3020 ci
1212 2951 1258 3022 11.
1287 2949 1748 3048 Imperatoris-Diplomata
1783 2949 1913 3052 scripta

1152 3044 1246 3116 suere
1281 3047 1301 3114 d
1336 3049 1507 3133 Giselbeno
1532 3055 1715 3144 Presbytero
1741 3052 1784 3122 Θ
1810 3059 1915 3126 Nota.

1152 3147 1217 3213 rio.
1239 3145 1287 3214 Et
1311 3139 1449 3215 sortasse
1473 3143 1565 3215 nihil
1591 3151 1686 3220 aliud
1707 3153 1825 3229 voluit
1844 3159 1914 3229 Ca.

1083 3236 1115 3304 D
1152 3243 1247 3314 rolus
1271 3244 1325 3314 M.
1348 3243 1454 3340 quim
1481 3239 1619 3318 eosdem
1645 3273 1760 3321 arcere
1783 3251 1802 3321 d
1829 3279 1914 3326 con.

1152 3341 1342 3416 scribendis
1370 3343 1585 3418 secularium
1614 3344 1798 3422 bominum
1817 3355 1914 3426 Con·
1969 3429 1972 3434 ,

1153 3441 1342 3517 tratribus.
1368 3445 1544 3542 Exemplo
1571 3445 1644 3520 erit
1664 3475 1731 3522 una
1755 3449 1911 3544 Charta,

1152 3570 1257 3645 quam
1292 3572 1337 3618 ex
1365 3543 1527 3620 Archivo
1555 3546 1717 3645 Capituli
1753 3553 1912 3626 canoni.

1151 3672 1273 3722 corum
1293 3648 1493 3722 Volaterris
1515 3645 1704 3746 depromsr.
1727 3652 1812 3752 Ejus
1836 3657 1913 3726 No.

1151 3747 1261 3822 tarius
1283 3773 1369 3830 ⁴ttttn
1403 3749 1543 3822 tantum
1571 3753 1756 3847 Presbyter,
1792 3751 1849 3828 sed
1874 3757 1910 3830 δε

1152 3849 1329 3924 canonieus
1354 3849 1454 3926 illius
1482 3847 1652 3924 Ecclesiae
1678 3851 1790 3929 suit.'

192 4189 194 4196 .
282 4064 460 4198 Donatio
490 4098 752 4218 complurium
784 4131 969 4216 agrorum
1005 4099 1107 4189 tans
1148 4097 1361 4205 Canonicis
1403 4101 1597 4193 Ecclesiae
1628 4098 1912 4196 volaterranae

285 4217 290 4224 ’
377 4289 381 4296 .
534 4223 706 4309 bPetso
734 4221 905 4336 ejusdem
936 4217 1126 4309 Civitatis
1155 4215 1373 4336 Episcopo,
1402 4227 1525 4316 Anno
1553 4252 1653 4340 974.
1717 4303 1723 4314 ,
1837 4268 1840 4274 ·

331 4467 368 4534 N
394 4459 516 4530 nornine
542 4457 680 4530 Domini
700 4456 765 4530 Dei
790 4457 835 4527 (θ’
859 4455 1042 4532 saluatoris

356 4561 450 4648 nostri
465 4559 549 4652 Jesu
567 4558 706 4646 Cbrilli.
733 4566 902 4655 Regnante
920 4563 1042 4630 Damno

283 4663 382 4753 nostro
400 4671 479 4734 ,Otto
499 4662 613 4758 gratid
637 4659 703 4732 Dei
728 4665 1040 4757 Imperator'Augu·

275 4765 348 4856 lla,
382 4769 485 4838 Anno
516 4761 644 4858 Imperii
677 4759 746 4854 ey'us
781 4761 942 4834 initalia
969 4763 1041 4832 Vis.

283 4866 398 4940 decime
423 4865 591 4938 Kalendas
620 4863 831 4950 Nabembris‚
866 4859 1043 4934 Indissione

283 4973 345 5043 lll.
365 4972 438 5069 Ego
457 4968 579 5039 Petrus
597 4961 850 5038 Voloterrcnfis
868 4961 976 5037 Urbis
995 4965 1041 5035 E·

286 5068 467 5170 piscopos,
491 5065 685 5152 crnssderans
708 5063 943 5151 neeefirudinem
966 5064 1046 5138 hans

388 5177 478 5243 Tem.
503 5171 549 5243 ss.

1152 4451 1284 4526 nimiam
1305 4473 1522 4552 paupertatem
1546 4457 1779 4532 Kanenicsrurn
1805 4458 1839 4532 in
1862 4448 1913 4536 Es

1150 4555 1285 4653 pissepio
1318 4559 1406 4630 beate
1430 4557 1495 4630 Dei
1519 4560 1688 4632 Genitricis
1713 4561 1824 4632 Maria
1857 4565 1913 4635 de.

1148 4657 1383 4749 servientium,
1418 4685 1494 4755 quos
1518 4659 1553 4732 in
1584 4660 1735 4758 prephato
1761 4662 1827 4734 Dei
1850 4665 1913 4735 locs

1156 4757 1362 4850 invenimus,
1397 4761 1571 4834 adamare
1595 4759 1715 4849 Christi
1740 4761 1784 4832 dl*
1809 4764 1913 4836 anime

1155 4887 1238 4930 meae
1272 4859 1439 4932 remedium
1471 4861 1634 4934 adidimus
1661 4859 1757 4956 super
1781 4861 1911 4952 emnia,

1155 4987 1234 5058 quae
1257 4981 1332 5032 ante
1357 4961 1511 5034 abuerunt
1532 4964 1577 5034 ad
1593 4961 1758 5056 stipendia
1778 4961 1914 5056 prepha-

1129 5045 1255 5133 lterum
1280 5063 1538 5152 Karonicerum,
1566 5061 1642 5150 idest
1667 5061 1788 5158 integra
1813 5062 1913 5155 Casae

1222 5161 1252 5234 B
1278 5160 1299 5234 b
1773 5159 1863 5256 lino,
