<?xml version="1.0" encoding="UTF-8"?>
<!DOCTYPE html PUBLIC "-//W3C//DTD XHTML 1.0 Transitional//EN"
    "http://www.w3.org/TR/xhtml1/DTD/xhtml1-transitional.dtd">
<html xmlns="http://www.w3.org/1999/xhtml" xml:lang="en" lang="en">
 <head>
  <title>
</title>
<meta http-equiv="Content-Type" content="text/html;charset=utf-8" />
  <meta name='ocr-system' content='tesseract 3.04.00' />
  <meta name='ocr-capabilities' content='ocr_page ocr_carea ocr_par ocr_line ocrx_word'/>
</head>
<body>
  <div class='ocr_page' id='page_1' title='image "./antiquitatesita03muragoog_0112.png"; bbox 0 0 4594 6070; ppageno 0'>
   <div class='ocr_carea' id='block_1_1' title="bbox 337 351 1866 472">
    <p class='ocr_par' dir='ltr' id='par_1_1' title="bbox 337 351 1866 472">
     <span class='ocr_line' id='line_1_1' title="bbox 337 351 1866 472; baseline -0.005 -23"><span class='ocrx_word' id='word_1_1' title='bbox 337 385 425 472; x_wconf 57' lang='grc' dir='ltr'><em>ιι,</em></span> <span class='ocrx_word' id='word_1_2' title='bbox 629 351 1116 444; x_wconf 68' lang='lat' dir='ltr'><em>»castanasio</em></span> <span class='ocrx_word' id='word_1_3' title='bbox 1190 351 1578 440; x_wconf 77' lang='lat' dir='ltr'><em>uuuscrua</em></span> <span class='ocrx_word' id='word_1_4' title='bbox 1778 389 1866 470; x_wconf 85' lang='lat'><em>214</em></span> 
     </span>
    </p>
   </div>
   <div class='ocr_carea' id='block_1_2' title="bbox 274 470 1988 1694">
    <p class='ocr_par' dir='ltr' id='par_1_2' title="bbox 274 470 1988 1694">
     <span class='ocr_line' id='line_1_2' title="bbox 276 470 1923 569; baseline -0.002 -20"><span class='ocrx_word' id='word_1_5' title='bbox 276 470 362 549; x_wconf 76' lang='lat' dir='ltr'><em>blatta</em></span> <span class='ocrx_word' id='word_1_6' title='bbox 396 473 521 551; x_wconf 79' lang='lat' dir='ltr'><em>Vaffus</em></span> <span class='ocrx_word' id='word_1_7' title='bbox 554 476 592 550; x_wconf 78' lang='grc' dir='ltr'><em>δι</em></span> <span class='ocrx_word' id='word_1_8' title='bbox 625 471 874 550; x_wconf 83' lang='lat' dir='ltr'><em>Ministerialis</em></span> <span class='ocrx_word' id='word_1_9' title='bbox 910 475 1047 568; x_wconf 83' lang='lat' dir='ltr'><em>noster,</em></span> <span class='ocrx_word' id='word_1_10' title='bbox 1085 471 1119 544; x_wconf 89' lang='lat' dir='ltr'>A</span> <span class='ocrx_word' id='word_1_11' title='bbox 1160 470 1318 558; x_wconf 85' lang='lat' dir='ltr'><em>anoslris</em></span> <span class='ocrx_word' id='word_1_12' title='bbox 1344 473 1388 542; x_wconf 78' lang='lat' dir='ltr'><em>v</em></span> <span class='ocrx_word' id='word_1_13' title='bbox 1412 501 1434 544; x_wconf 90' lang='lat' dir='ltr'><em>a</em></span> <span class='ocrx_word' id='word_1_14' title='bbox 1455 470 1578 560; x_wconf 85' lang='lat' dir='ltr'><em>suturis</em></span> <span class='ocrx_word' id='word_1_15' title='bbox 1602 471 1791 569; x_wconf 70' lang='lat' dir='ltr'><em>temporibus</em></span> <span class='ocrx_word' id='word_1_16' title='bbox 1820 473 1923 562; x_wconf 85' lang='lat' dir='ltr'><em>noslra</em></span> 
     </span>
     <span class='ocr_line' id='line_1_3' title="bbox 278 570 1925 674; baseline -0.001 -24"><span class='ocrx_word' id='word_1_17' title='bbox 278 577 319 650; x_wconf 79' lang='lat' dir='ltr'><em>dt</em></span> <span class='ocrx_word' id='word_1_18' title='bbox 344 579 403 651; x_wconf 87' lang='lat' dir='ltr'><em>bae</em></span> <span class='ocrx_word' id='word_1_19' title='bbox 427 579 494 650; x_wconf 89' lang='lat' dir='ltr'><em>luce</em></span> <span class='ocrx_word' id='word_1_20' title='bbox 516 577 698 671; x_wconf 70' lang='lat' dir='ltr'><em>discedens,</em></span> <span class='ocrx_word' id='word_1_21' title='bbox 717 580 880 674; x_wconf 88' lang='lat' dir='ltr'><em>quandam</em></span> <span class='ocrx_word' id='word_1_22' title='bbox 898 581 1046 652; x_wconf 84' lang='lat' dir='ltr'><em>Curtem</em></span> <span class='ocrx_word' id='word_1_23' title='bbox 1161 600 1197 646; x_wconf 87' lang='lat' dir='ltr'><em>ae</em></span> <span class='ocrx_word' id='word_1_24' title='bbox 1231 573 1396 670; x_wconf 83' lang='lat' dir='ltr'><em>imperiali</em></span> <span class='ocrx_word' id='word_1_25' title='bbox 1436 570 1623 646; x_wconf 75' lang='lat' dir='ltr'><em>auiioritate</em></span> <span class='ocrx_word' id='word_1_26' title='bbox 1657 575 1845 650; x_wconf 88' lang='lat' dir='ltr'><em>corroborate</em></span> <span class='ocrx_word' id='word_1_27' title='bbox 1880 585 1925 650; x_wconf 81' lang='lat' dir='ltr'><em>aa</em></span> 
     </span>
     <span class='ocr_line' id='line_1_4' title="bbox 278 671 1988 780; baseline -0.001 -27"><span class='ocrx_word' id='word_1_28' title='bbox 278 675 617 780; x_wconf 67' lang='lat' dir='ltr'><em>improprietatis,</em></span> <span class='ocrx_word' id='word_1_29' title='bbox 644 679 1047 764; x_wconf 79' lang='lat' dir='ltr'><em>nomineRubcsin0,in</em></span> <span class='ocrx_word' id='word_1_30' title='bbox 1158 695 1281 774; x_wconf 84' lang='lat' dir='ltr'><em>partem</em></span> <span class='ocrx_word' id='word_1_31' title='bbox 1305 671 1442 773; x_wconf 77' lang='lat' dir='ltr'><em>pradilia</em></span> <span class='ocrx_word' id='word_1_32' title='bbox 1466 673 1679 760; x_wconf 69' lang='lat' dir='ltr'><em>Cremonense</em></span> <span class='ocrx_word' id='word_1_33' title='bbox 1705 675 1840 762; x_wconf 84' lang='lat' dir='ltr'><em>Ecclesie</em></span> <span class='ocrx_word' id='word_1_34' title='bbox 1871 677 1925 778; x_wconf 89' lang='lat' dir='ltr'><em>ju·</em></span> <span class='ocrx_word' id='word_1_35' title='bbox 1986 751 1988 756; x_wconf 83' lang='grc'><em>,</em></span> 
     </span>
     <span class='ocr_line' id='line_1_5' title="bbox 279 774 1926 880; baseline -0.001 -26"><span class='ocrx_word' id='word_1_36' title='bbox 279 781 447 857; x_wconf 76' lang='lat' dir='ltr'><em>Comitatu</em></span> <span class='ocrx_word' id='word_1_37' title='bbox 473 781 596 875; x_wconf 69' lang='lat' dir='ltr'><em>silicet</em></span> <span class='ocrx_word' id='word_1_38' title='bbox 620 783 831 880; x_wconf 87' lang='lat' dir='ltr'><em>Bergamense</em></span> <span class='ocrx_word' id='word_1_39' title='bbox 853 804 949 880; x_wconf 88' lang='lat' dir='ltr'><em>prope</em></span> <span class='ocrx_word' id='word_1_40' title='bbox 974 784 1047 855; x_wconf 88' lang='lat' dir='ltr'><em>Ple·</em></span> <span class='ocrx_word' id='word_1_41' title='bbox 1162 803 1199 852; x_wconf 87' lang='lat' dir='ltr'><em>re</em></span> <span class='ocrx_word' id='word_1_42' title='bbox 1225 774 1459 878; x_wconf 83' lang='lat' dir='ltr'><em>proprietario</em></span> <span class='ocrx_word' id='word_1_43' title='bbox 1486 795 1635 850; x_wconf 90' lang='lat' dir='ltr'><em>maneant</em></span> <span class='ocrx_word' id='word_1_44' title='bbox 1661 777 1840 872; x_wconf 76' lang='lat' dir='ltr'><em>inconvulse</em></span> <span class='ocrx_word' id='word_1_45' title='bbox 1857 806 1926 852; x_wconf 87' lang='lat' dir='ltr'><em>curn</em></span> 
     </span>
     <span class='ocr_line' id='line_1_6' title="bbox 279 878 1926 984; baseline -0.003 -25"><span class='ocrx_word' id='word_1_46' title='bbox 279 887 376 976; x_wconf 69' lang='lat' dir='ltr'><em>hm,</em></span> <span class='ocrx_word' id='word_1_47' title='bbox 402 909 462 980; x_wconf 88' lang='lat' dir='ltr'><em>que</em></span> <span class='ocrx_word' id='word_1_48' title='bbox 486 883 605 956; x_wconf 91' lang='lat' dir='ltr'><em>dicitur</em></span> <span class='ocrx_word' id='word_1_49' title='bbox 630 888 888 976; x_wconf 83' lang='lat' dir='ltr'><em>Furumncvum,</em></span> <span class='ocrx_word' id='word_1_50' title='bbox 913 888 958 959; x_wconf 88' lang='lat' dir='ltr'><em>ad</em></span> <span class='ocrx_word' id='word_1_51' title='bbox 971 908 1047 984; x_wconf 86' lang='lat' dir='ltr'><em>pat·</em></span> <span class='ocrx_word' id='word_1_52' title='bbox 1162 881 1305 952; x_wconf 89' lang='lat' dir='ltr'><em>omnibus</em></span> <span class='ocrx_word' id='word_1_53' title='bbox 1332 878 1591 976; x_wconf 88' lang='lat' dir='ltr'><em>integritatibus,</em></span> <span class='ocrx_word' id='word_1_54' title='bbox 1626 878 1732 950; x_wconf 87' lang='lat' dir='ltr'><em>veluti</em></span> <span class='ocrx_word' id='word_1_55' title='bbox 1768 879 1802 952; x_wconf 89' lang='lat' dir='ltr'><em>in</em></span> <span class='ocrx_word' id='word_1_56' title='bbox 1834 879 1926 954; x_wconf 88' lang='lat' dir='ltr'><em>brevi</em></span> 
     </span>
     <span class='ocr_line' id='line_1_7' title="bbox 276 979 1928 1082; baseline -0.004 -22"><span class='ocrx_word' id='word_1_57' title='bbox 276 1005 342 1060; x_wconf 82' lang='lat' dir='ltr'><em>terta</em></span> <span class='ocrx_word' id='word_1_58' title='bbox 376 985 511 1072; x_wconf 81' lang='lat' dir='ltr'><em>Ecclesie</em></span> <span class='ocrx_word' id='word_1_59' title='bbox 549 986 760 1072; x_wconf 85' lang='lat' dir='ltr'><em>Cremonensts</em></span> <span class='ocrx_word' id='word_1_60' title='bbox 793 985 979 1082; x_wconf 84' lang='lat' dir='ltr'><em>obtulisset,</em></span> <span class='ocrx_word' id='word_1_61' title='bbox 1014 1015 1050 1063; x_wconf 84' lang='lat' dir='ltr'><em>ae</em></span> <span class='ocrx_word' id='word_1_62' title='bbox 1164 981 1274 1070; x_wconf 86' lang='lat' dir='ltr'><em>reslato</em></span> <span class='ocrx_word' id='word_1_63' title='bbox 1298 982 1498 1053; x_wconf 89' lang='lat' dir='ltr'><em>continetur.</em></span> <span class='ocrx_word' id='word_1_64' title='bbox 1525 979 1565 1052; x_wconf 75' lang='lat' dir='ltr'><em>sc·</em></span> <span class='ocrx_word' id='word_1_65' title='bbox 1590 979 1662 1076; x_wconf 85' lang='lat' dir='ltr'><em>quit</em></span> <span class='ocrx_word' id='word_1_66' title='bbox 1687 1001 1794 1052; x_wconf 89' lang='lat' dir='ltr'><em>autem</em></span> <span class='ocrx_word' id='word_1_67' title='bbox 1819 1003 1928 1056; x_wconf 81' lang='lat' dir='ltr'><em>eontra</em></span> 
     </span>
     <span class='ocr_line' id='line_1_8' title="bbox 277 1080 1928 1190; baseline -0.002 -30"><span class='ocrx_word' id='word_1_68' title='bbox 277 1088 357 1190; x_wconf 86' lang='lat' dir='ltr'><em>jure</em></span> <span class='ocrx_word' id='word_1_69' title='bbox 388 1088 621 1187; x_wconf 83' lang='lat' dir='ltr'><em>proprietario</em></span> <span class='ocrx_word' id='word_1_70' title='bbox 645 1106 705 1184; x_wconf 87' lang='lat' dir='ltr'><em>pto</em></span> <span class='ocrx_word' id='word_1_71' title='bbox 728 1091 834 1162; x_wconf 88' lang='lat' dir='ltr'><em>anime</em></span> <span class='ocrx_word' id='word_1_72' title='bbox 861 1089 920 1182; x_wconf 90' lang='lat' dir='ltr'><em>sue</em></span> <span class='ocrx_word' id='word_1_73' title='bbox 955 1115 1047 1163; x_wconf 78' lang='lat' dir='ltr'><em>mme-</em></span> <span class='ocrx_word' id='word_1_74' title='bbox 1163 1085 1243 1158; x_wconf 85' lang='lat' dir='ltr'><em>banc</em></span> <span class='ocrx_word' id='word_1_75' title='bbox 1267 1083 1402 1172; x_wconf 87' lang='lat' dir='ltr'><em>noslram</em></span> <span class='ocrx_word' id='word_1_76' title='bbox 1436 1081 1654 1155; x_wconf 78' lang='lat' dir='ltr'><em>auiioritatem</em></span> <span class='ocrx_word' id='word_1_77' title='bbox 1681 1080 1726 1153; x_wconf 89' lang='lat' dir='ltr'><em>ire</em></span> <span class='ocrx_word' id='word_1_78' title='bbox 1751 1097 1928 1178; x_wconf 82' lang='lat' dir='ltr'><em>temptave-</em></span> 
     </span>
     <span class='ocr_line' id='line_1_9' title="bbox 278 1185 1928 1288; baseline -0.005 -26"><span class='ocrx_word' id='word_1_79' title='bbox 278 1189 334 1262; x_wconf 92' lang='lat' dir='ltr'><em>dio</em></span> <span class='ocrx_word' id='word_1_80' title='bbox 353 1209 413 1288; x_wconf 85' lang='lat' dir='ltr'><em>prr</em></span> <span class='ocrx_word' id='word_1_81' title='bbox 437 1211 594 1284; x_wconf 88' lang='lat' dir='ltr'><em>rogatores</em></span> <span class='ocrx_word' id='word_1_82' title='bbox 611 1191 709 1284; x_wconf 91' lang='lat' dir='ltr'><em>suot,</em></span> <span class='ocrx_word' id='word_1_83' title='bbox 745 1193 904 1264; x_wconf 88' lang='lat' dir='ltr'><em>Guntberi</em></span> <span class='ocrx_word' id='word_1_84' title='bbox 927 1193 1046 1265; x_wconf 82' lang='lat' dir='ltr'><em>videli-</em></span> <span class='ocrx_word' id='word_1_85' title='bbox 1163 1187 1229 1276; x_wconf 82' lang='lat' dir='ltr'><em>tit,</em></span> <span class='ocrx_word' id='word_1_86' title='bbox 1255 1215 1292 1260; x_wconf 89' lang='lat' dir='ltr'><em>ac</em></span> <span class='ocrx_word' id='word_1_87' title='bbox 1316 1189 1356 1256; x_wconf 90' lang='lat' dir='ltr'><em>de</em></span> <span class='ocrx_word' id='word_1_88' title='bbox 1379 1185 1558 1282; x_wconf 74' lang='lat' dir='ltr'><em>prescriptis</em></span> <span class='ocrx_word' id='word_1_89' title='bbox 1592 1185 1683 1256; x_wconf 89' lang='lat' dir='ltr'><em>rebus</em></span> <span class='ocrx_word' id='word_1_90' title='bbox 1705 1205 1829 1280; x_wconf 89' lang='lat' dir='ltr'><em>partem</em></span> <span class='ocrx_word' id='word_1_91' title='bbox 1852 1206 1928 1280; x_wconf 86' lang='lat' dir='ltr'><em>pre·</em></span> 
     </span>
     <span class='ocr_line' id='line_1_10' title="bbox 278 1283 1930 1392; baseline -0.002 -28"><span class='ocrx_word' id='word_1_92' title='bbox 278 1312 347 1378; x_wconf 87' lang='lat' dir='ltr'><em>tet,</em></span> <span class='ocrx_word' id='word_1_93' title='bbox 373 1293 571 1382; x_wconf 78' lang='lat' dir='ltr'><em>(lutoldum,</em></span> <span class='ocrx_word' id='word_1_94' title='bbox 595 1315 690 1390; x_wconf 86' lang='lat' dir='ltr'><em>atque</em></span> <span class='ocrx_word' id='word_1_95' title='bbox 709 1296 874 1366; x_wconf 83' lang='lat' dir='ltr'><em>Hillonem</em></span> <span class='ocrx_word' id='word_1_96' title='bbox 898 1317 954 1392; x_wconf 89' lang='lat' dir='ltr'><em>per</em></span> <span class='ocrx_word' id='word_1_97' title='bbox 978 1324 1048 1367; x_wconf 83' lang='lat' dir='ltr'><em>con·</em></span> <span class='ocrx_word' id='word_1_98' title='bbox 1156 1288 1229 1379; x_wconf 88' lang='lat' dir='ltr'><em>sate</em></span> <span class='ocrx_word' id='word_1_99' title='bbox 1255 1285 1389 1372; x_wconf 72' lang='lat' dir='ltr'><em>Ecctefie</em></span> <span class='ocrx_word' id='word_1_100' title='bbox 1415 1287 1590 1384; x_wconf 62' lang='lat' dir='ltr'><em>insulem</em></span> <span class='ocrx_word' id='word_1_101' title='bbox 1614 1283 1781 1383; x_wconf 67' lang='lat' dir='ltr'><em>questoria,</em></span> <span class='ocrx_word' id='word_1_102' title='bbox 1812 1309 1930 1383; x_wconf 77' lang='lat' dir='ltr'><em>pettam</em></span> 
     </span>
     <span class='ocr_line' id='line_1_11' title="bbox 274 1375 1930 1493; baseline -0.004 -29"><span class='ocrx_word' id='word_1_103' title='bbox 274 1391 461 1488; x_wconf 78' lang='lat' dir='ltr'><em>scriptionis</em></span> <span class='ocrx_word' id='word_1_104' title='bbox 485 1395 640 1492; x_wconf 85' lang='lat' dir='ltr'><em>paginam</em></span> <span class='ocrx_word' id='word_1_105' title='bbox 666 1395 834 1468; x_wconf 86' lang='lat' dir='ltr'><em>tradidit:</em></span> <span class='ocrx_word' id='word_1_106' title='bbox 859 1399 904 1468; x_wconf 70' lang='lat' dir='ltr'><em>eb·</em></span> <span class='ocrx_word' id='word_1_107' title='bbox 926 1418 982 1493; x_wconf 85' lang='lat' dir='ltr'><em>per</em></span> <span class='ocrx_word' id='word_1_108' title='bbox 1000 1397 1045 1488; x_wconf 86' lang='lat' dir='ltr'><em>fi.</em></span> <span class='ocrx_word' id='word_1_109' title='bbox 1087 1375 1114 1446; x_wconf 77' lang='grc' dir='ltr'><strong>Β</strong></span> <span class='ocrx_word' id='word_1_110' title='bbox 1162 1389 1376 1462; x_wconf 84' lang='lat' dir='ltr'><em>immunitatis</em></span> <span class='ocrx_word' id='word_1_111' title='bbox 1401 1387 1527 1490; x_wconf 84' lang='lat' dir='ltr'><em>nosire,</em></span> <span class='ocrx_word' id='word_1_112' title='bbox 1552 1386 1638 1474; x_wconf 84' lang='lat' dir='ltr'><em>sicut</em></span> <span class='ocrx_word' id='word_1_113' title='bbox 1662 1389 1702 1460; x_wconf 88' lang='lat' dir='ltr'><em>de</em></span> <span class='ocrx_word' id='word_1_114' title='bbox 1728 1391 1818 1460; x_wconf 86' lang='lat' dir='ltr'><em>rebus</em></span> <span class='ocrx_word' id='word_1_115' title='bbox 1852 1407 1930 1460; x_wconf 83' lang='lat' dir='ltr'><em>cete·</em></span> 
     </span>
     <span class='ocr_line' id='line_1_12' title="bbox 278 1488 1929 1592; baseline -0.005 -24"><span class='ocrx_word' id='word_1_116' title='bbox 278 1495 364 1568; x_wconf 87' lang='lat' dir='ltr'><em>deles</em></span> <span class='ocrx_word' id='word_1_117' title='bbox 399 1493 513 1581; x_wconf 78' lang='lat' dir='ltr'><em>nostros</em></span> <span class='ocrx_word' id='word_1_118' title='bbox 540 1496 575 1568; x_wconf 91' lang='lat' dir='ltr'><em>in</em></span> <span class='ocrx_word' id='word_1_119' title='bbox 601 1497 706 1584; x_wconf 78' lang='lat' dir='ltr'><em>nostra</em></span> <span class='ocrx_word' id='word_1_120' title='bbox 727 1497 887 1592; x_wconf 78' lang='lat' dir='ltr'><em>presencia</em></span> <span class='ocrx_word' id='word_1_121' title='bbox 921 1502 1049 1570; x_wconf 82' lang='lat' dir='ltr'><em>eandem</em></span> <span class='ocrx_word' id='word_1_122' title='bbox 1162 1517 1269 1566; x_wconf 80' lang='lat' dir='ltr'><em>narrem</em></span> <span class='ocrx_word' id='word_1_123' title='bbox 1295 1489 1528 1582; x_wconf 81' lang='lat' dir='ltr'><em>Ecclefiarum,</em></span> <span class='ocrx_word' id='word_1_124' title='bbox 1553 1491 1608 1562; x_wconf 91' lang='lat' dir='ltr'><em>boe</em></span> <span class='ocrx_word' id='word_1_125' title='bbox 1632 1488 1676 1578; x_wconf 85' lang='lat' dir='ltr'><em>esl</em></span> <span class='ocrx_word' id='word_1_126' title='bbox 1701 1489 1841 1586; x_wconf 88' lang='lat' dir='ltr'><em>triginta</em></span> <span class='ocrx_word' id='word_1_127' title='bbox 1866 1489 1929 1562; x_wconf 82' lang='lat' dir='ltr'><em>Li-</em></span> 
     </span>
     <span class='ocr_line' id='line_1_13' title="bbox 278 1589 1930 1694; baseline -0.004 -24"><span class='ocrx_word' id='word_1_128' title='bbox 278 1595 468 1670; x_wconf 84' lang='lat' dir='ltr'><em>traditionis</em></span> <span class='ocrx_word' id='word_1_129' title='bbox 489 1598 674 1694; x_wconf 76' lang='lat' dir='ltr'><em>paginam,</em></span> <span class='ocrx_word' id='word_1_130' title='bbox 700 1623 796 1694; x_wconf 87' lang='lat' dir='ltr'><em>quarn</em></span> <span class='ocrx_word' id='word_1_131' title='bbox 818 1598 981 1694; x_wconf 78' lang='lat' dir='ltr'><em>prediilus</em></span> <span class='ocrx_word' id='word_1_132' title='bbox 1007 1601 1048 1672; x_wconf 86' lang='lat' dir='ltr'><em>il·</em></span> <span class='ocrx_word' id='word_1_133' title='bbox 1161 1595 1235 1666; x_wconf 90' lang='lat' dir='ltr'><em>bras</em></span> <span class='ocrx_word' id='word_1_134' title='bbox 1260 1599 1386 1689; x_wconf 90' lang='lat' dir='ltr'><em>argenti</em></span> <span class='ocrx_word' id='word_1_135' title='bbox 1413 1591 1474 1688; x_wconf 80' lang='lat' dir='ltr'><em>ipfi</em></span> <span class='ocrx_word' id='word_1_136' title='bbox 1499 1612 1654 1688; x_wconf 87' lang='lat' dir='ltr'><em>componet</em></span> <span class='ocrx_word' id='word_1_137' title='bbox 1693 1589 1853 1675; x_wconf 80' lang='lat' dir='ltr'><em>Ecclefie.</em></span> <span class='ocrx_word' id='word_1_138' title='bbox 1879 1595 1930 1664; x_wconf 77' lang='lat' dir='ltr'><em>Ee</em></span> 
     </span>
    </p>
   </div>
   <div class='ocr_carea' id='block_1_3' title="bbox 163 1691 1930 1798">
    <p class='ocr_par' dir='ltr' id='par_1_3' title="bbox 163 1691 1930 1798">
     <span class='ocr_line' id='line_1_14' title="bbox 163 1691 1930 1798; baseline -0.004 -27"><span class='ocrx_word' id='word_1_139' title='bbox 163 1713 168 1724; x_wconf 91' lang='grc'><strong>“</strong></span> <span class='ocrx_word' id='word_1_140' title='bbox 280 1697 314 1770; x_wconf 89' lang='lat' dir='ltr'><em>le</em></span> <span class='ocrx_word' id='word_1_141' title='bbox 341 1693 452 1789; x_wconf 82' lang='lat' dir='ltr'><em>Vassut</em></span> <span class='ocrx_word' id='word_1_142' title='bbox 486 1698 607 1791; x_wconf 79' lang='lat' dir='ltr'><em>noller,</em></span> <span class='ocrx_word' id='word_1_143' title='bbox 642 1719 826 1798; x_wconf 79' lang='lat' dir='ltr'><em>segetesque</em></span> <span class='ocrx_word' id='word_1_144' title='bbox 870 1700 969 1798; x_wconf 83' lang='lat' dir='ltr'><em>ipsius</em></span> <span class='ocrx_word' id='word_1_145' title='bbox 1002 1703 1050 1773; x_wconf 88' lang='lat' dir='ltr'><em>rei</em></span> <span class='ocrx_word' id='word_1_146' title='bbox 1164 1716 1200 1766; x_wconf 95' lang='lat' dir='ltr'><em>ut</em></span> <span class='ocrx_word' id='word_1_147' title='bbox 1224 1695 1279 1766; x_wconf 87' lang='lat' dir='ltr'><em>boo</em></span> <span class='ocrx_word' id='word_1_148' title='bbox 1304 1699 1417 1766; x_wconf 87' lang='lat' dir='ltr'><em>cercius</em></span> <span class='ocrx_word' id='word_1_149' title='bbox 1450 1697 1643 1784; x_wconf 83' lang='lat' dir='ltr'><em>crederetur,</em></span> <span class='ocrx_word' id='word_1_150' title='bbox 1678 1720 1716 1764; x_wconf 86' lang='lat' dir='ltr'><em>ac</em></span> <span class='ocrx_word' id='word_1_151' title='bbox 1739 1691 1930 1788; x_wconf 79' lang='lat' dir='ltr'><em>diligentius</em></span> 
     </span>
    </p>
   </div>
   <div class='ocr_carea' id='block_1_4' title="bbox 261 1789 2002 3416">
    <p class='ocr_par' dir='ltr' id='par_1_4' title="bbox 261 1789 1931 2010">
     <span class='ocr_line' id='line_1_15' title="bbox 261 1789 1931 1898; baseline -0.004 -28"><span class='ocrx_word' id='word_1_152' title='bbox 261 1877 264 1882; x_wconf 59' lang='grc'><strong>,</strong></span> <span class='ocrx_word' id='word_1_153' title='bbox 276 1797 421 1892; x_wconf 63' lang='lat' dir='ltr'><em>ficerat,</em></span> <span class='ocrx_word' id='word_1_154' title='bbox 458 1801 598 1897; x_wconf 88' lang='lat' dir='ltr'><em>undique</em></span> <span class='ocrx_word' id='word_1_155' title='bbox 632 1803 771 1890; x_wconf 78' lang='lat' dir='ltr'><em>robarati</em></span> <span class='ocrx_word' id='word_1_156' title='bbox 789 1801 958 1898; x_wconf 71' lang='lat' dir='ltr'><em>jusimus,</em></span> <span class='ocrx_word' id='word_1_157' title='bbox 992 1810 1050 1876; x_wconf 82' lang='lat' dir='ltr'><em>see</em></span> <span class='ocrx_word' id='word_1_158' title='bbox 1162 1796 1405 1888; x_wconf 82' lang='lat' dir='ltr'><em>observaretur,</em></span> <span class='ocrx_word' id='word_1_159' title='bbox 1430 1796 1470 1867; x_wconf 91' lang='lat' dir='ltr'><em>de</em></span> <span class='ocrx_word' id='word_1_160' title='bbox 1494 1795 1591 1869; x_wconf 89' lang='lat' dir='ltr'><em>anulo</em></span> <span class='ocrx_word' id='word_1_161' title='bbox 1616 1792 1715 1883; x_wconf 71' lang='lat' dir='ltr'><em>noſset</em></span> <span class='ocrx_word' id='word_1_162' title='bbox 1733 1793 1845 1888; x_wconf 89' lang='lat' dir='ltr'><em>subter</em></span> <span class='ocrx_word' id='word_1_163' title='bbox 1857 1789 1931 1890; x_wconf 80' lang='lat' dir='ltr'><em>sus·</em></span> 
     </span>
     <span class='ocr_line' id='line_1_16' title="bbox 276 1896 1448 2010; baseline -0.003 -40"><span class='ocrx_word' id='word_1_164' title='bbox 276 1921 337 1999; x_wconf 86' lang='lat' dir='ltr'><em>pro</em></span> <span class='ocrx_word' id='word_1_165' title='bbox 362 1901 512 1996; x_wconf 88' lang='lat' dir='ltr'><em>ampliori</em></span> <span class='ocrx_word' id='word_1_166' title='bbox 530 1900 691 1993; x_wconf 86' lang='lat' dir='ltr'><em>firmitate</em></span> <span class='ocrx_word' id='word_1_167' title='bbox 715 1931 752 1976; x_wconf 88' lang='lat' dir='ltr'><em>ac</em></span> <span class='ocrx_word' id='word_1_168' title='bbox 777 1905 876 1977; x_wconf 89' lang='lat' dir='ltr'><em>tocius</em></span> <span class='ocrx_word' id='word_1_169' title='bbox 890 1907 1048 2010; x_wconf 88' lang='lat' dir='ltr'><em>securita·</em></span> <span class='ocrx_word' id='word_1_170' title='bbox 1156 1897 1258 1988; x_wconf 85' lang='lat' dir='ltr'><em>fimus</em></span> <span class='ocrx_word' id='word_1_171' title='bbox 1298 1896 1427 1992; x_wconf 85' lang='lat' dir='ltr'><em>rgillari</em></span> <span class='ocrx_word' id='word_1_172' title='bbox 1437 1949 1448 1968; x_wconf 92' lang='lat'><strong>.</strong></span> 
     </span>
    </p>

    <p class='ocr_par' dir='ltr' id='par_1_5' title="bbox 272 1995 1856 2200">
     <span class='ocr_line' id='line_1_17' title="bbox 279 1995 1856 2104; baseline 0.005 -30"><span class='ocrx_word' id='word_1_173' title='bbox 279 2002 326 2074; x_wconf 86' lang='lat' dir='ltr'><em>tis</em></span> <span class='ocrx_word' id='word_1_174' title='bbox 350 2001 519 2098; x_wconf 87' lang='lat' dir='ltr'><em>augmento</em></span> <span class='ocrx_word' id='word_1_175' title='bbox 542 2005 664 2099; x_wconf 81' lang='lat' dir='ltr'><em>placuit</em></span> <span class='ocrx_word' id='word_1_176' title='bbox 691 2007 780 2077; x_wconf 92' lang='lat' dir='ltr'><em>nobis</em></span> <span class='ocrx_word' id='word_1_177' title='bbox 805 2007 842 2078; x_wconf 91' lang='lat' dir='ltr'><em>id</em></span> <span class='ocrx_word' id='word_1_178' title='bbox 867 2008 969 2104; x_wconf 77' lang='lat' dir='ltr'><em>ipfiem</em></span> <span class='ocrx_word' id='word_1_179' title='bbox 995 2033 1048 2079; x_wconf 89' lang='lat' dir='ltr'><em>no·</em></span> <span class='ocrx_word' id='word_1_180' title='bbox 1241 1996 1345 2074; x_wconf 83' lang='lat' dir='ltr'><em>Deest</em></span> <span class='ocrx_word' id='word_1_181' title='bbox 1369 1995 1580 2101; x_wconf 76' lang='lat' dir='ltr'><em>subscriptio</em></span> <span class='ocrx_word' id='word_1_182' title='bbox 1605 1995 1856 2100; x_wconf 63' lang='lat' dir='ltr'><em>Imperatoris·</em></span> 
     </span>
     <span class='ocr_line' id='line_1_18' title="bbox 272 2101 1050 2200; baseline 0.013 -29"><span class='ocrx_word' id='word_1_183' title='bbox 272 2101 347 2192; x_wconf 73' lang='lat' dir='ltr'><em>fita</em></span> <span class='ocrx_word' id='word_1_184' title='bbox 372 2130 408 2175; x_wconf 87' lang='lat' dir='ltr'><em>ac</em></span> <span class='ocrx_word' id='word_1_185' title='bbox 435 2105 600 2200; x_wconf 84' lang='lat' dir='ltr'><em>imperiali</em></span> <span class='ocrx_word' id='word_1_186' title='bbox 624 2106 812 2179; x_wconf 76' lang='lat' dir='ltr'><em>aubioritate</em></span> <span class='ocrx_word' id='word_1_187' title='bbox 836 2110 981 2180; x_wconf 81' lang='lat' dir='ltr'><em>muniri:</em></span> <span class='ocrx_word' id='word_1_188' title='bbox 1005 2111 1050 2180; x_wconf 68' lang='lat' dir='ltr'><em>O·</em></span> 
     </span>
    </p>

    <p class='ocr_par' dir='ltr' id='par_1_6' title="bbox 274 2203 1930 2410">
     <span class='ocr_line' id='line_1_19' title="bbox 281 2203 1930 2292; baseline 0 -16"><span class='ocrx_word' id='word_1_189' title='bbox 281 2203 352 2276; x_wconf 89' lang='lat' dir='ltr'><em>ideo</em></span> <span class='ocrx_word' id='word_1_190' title='bbox 377 2203 458 2276; x_wconf 86' lang='lat' dir='ltr'><em>banc</em></span> <span class='ocrx_word' id='word_1_191' title='bbox 483 2205 582 2292; x_wconf 87' lang='lat' dir='ltr'><em>noslre</em></span> <span class='ocrx_word' id='word_1_192' title='bbox 600 2205 802 2279; x_wconf 74' lang='lat' dir='ltr'><em>auiioritatis</em></span> <span class='ocrx_word' id='word_1_193' title='bbox 824 2211 1048 2284; x_wconf 83' lang='lat' dir='ltr'><em>roborationem</em></span> <span class='ocrx_word' id='word_1_194' title='bbox 1214 2211 1267 2278; x_wconf 85' lang='lat' dir='ltr'><em>Pu</em></span> <span class='ocrx_word' id='word_1_195' title='bbox 1268 2257 1457 2281; x_wconf 91' lang='grc'><strong>........</strong></span> <span class='ocrx_word' id='word_1_196' title='bbox 1485 2205 1640 2279; x_wconf 85' lang='lat' dir='ltr'><em>Notarius</em></span> <span class='ocrx_word' id='word_1_197' title='bbox 1657 2205 1703 2278; x_wconf 84' lang='lat' dir='ltr'><em>ad</em></span> <span class='ocrx_word' id='word_1_198' title='bbox 1718 2203 1821 2278; x_wconf 86' lang='lat' dir='ltr'><em>vicem</em></span> <span class='ocrx_word' id='word_1_199' title='bbox 1841 2207 1930 2278; x_wconf 83' lang='lat' dir='ltr'><em>Dru·</em></span> 
     </span>
     <span class='ocr_line' id='line_1_20' title="bbox 274 2289 1503 2410; baseline 0.002 -34"><span class='ocrx_word' id='word_1_200' title='bbox 274 2303 488 2401; x_wconf 75' lang='lat' dir='ltr'><em>superaddere</em></span> <span class='ocrx_word' id='word_1_201' title='bbox 515 2308 559 2378; x_wconf 73' lang='lat' dir='ltr'><em>v</em></span> <span class='ocrx_word' id='word_1_202' title='bbox 574 2307 656 2400; x_wconf 86' lang='lat' dir='ltr'><em>fieri</em></span> <span class='ocrx_word' id='word_1_203' title='bbox 678 2307 850 2404; x_wconf 75' lang='lat' dir='ltr'><em>suffimut,</em></span> <span class='ocrx_word' id='word_1_204' title='bbox 874 2333 934 2409; x_wconf 92' lang='lat' dir='ltr'><em>per</em></span> <span class='ocrx_word' id='word_1_205' title='bbox 956 2339 1051 2410; x_wconf 90' lang='lat' dir='ltr'><em>quam</em></span> <span class='ocrx_word' id='word_1_206' title='bbox 1089 2289 1122 2363; x_wconf 74' lang='lat' dir='ltr'>C</span> <span class='ocrx_word' id='word_1_207' title='bbox 1164 2305 1288 2380; x_wconf 74' lang='lat' dir='ltr'><em>iiemiri</em></span> <span class='ocrx_word' id='word_1_208' title='bbox 1312 2307 1503 2402; x_wconf 83' lang='lat' dir='ltr'><em>recognovi.</em></span> 
     </span>
    </p>

    <p class='ocr_par' dir='ltr' id='par_1_7' title="bbox 281 2405 1977 2714">
     <span class='ocr_line' id='line_1_21' title="bbox 281 2405 1929 2510; baseline -0.001 -32"><span class='ocrx_word' id='word_1_209' title='bbox 281 2407 410 2478; x_wconf 89' lang='lat' dir='ltr'><em>omnino</em></span> <span class='ocrx_word' id='word_1_210' title='bbox 427 2405 614 2500; x_wconf 88' lang='lat' dir='ltr'><em>sancimus,</em></span> <span class='ocrx_word' id='word_1_211' title='bbox 642 2410 835 2510; x_wconf 87' lang='lat' dir='ltr'><em>firmumque</em></span> <span class='ocrx_word' id='word_1_212' title='bbox 870 2415 1051 2507; x_wconf 89' lang='lat' dir='ltr'><em>mansurum</em></span> <span class='ocrx_word' id='word_1_213' title='bbox 1216 2415 1309 2483; x_wconf 89' lang='lat' dir='ltr'><em>Data</em></span> <span class='ocrx_word' id='word_1_214' title='bbox 1336 2414 1374 2484; x_wconf 90' lang='lat' dir='ltr'><em>V.</em></span> <span class='ocrx_word' id='word_1_215' title='bbox 1401 2409 1480 2480; x_wconf 86' lang='lat' dir='ltr'><em>idus</em></span> <span class='ocrx_word' id='word_1_216' title='bbox 1505 2406 1673 2498; x_wconf 83' lang='lat' dir='ltr'><em>Martias,</em></span> <span class='ocrx_word' id='word_1_217' title='bbox 1698 2411 1801 2480; x_wconf 71' lang='lat' dir='ltr'><em>Anno</em></span> <span class='ocrx_word' id='word_1_218' title='bbox 1826 2409 1929 2502; x_wconf 89' lang='lat' dir='ltr'><em>lmpe·</em></span> 
     </span>
     <span class='ocr_line' id='line_1_22' title="bbox 281 2499 1977 2613; baseline -0.001 -33"><span class='ocrx_word' id='word_1_219' title='bbox 281 2507 522 2600; x_wconf 86' lang='lat' dir='ltr'><em>eonslituimut,</em></span> <span class='ocrx_word' id='word_1_220' title='bbox 558 2531 596 2582; x_wconf 95' lang='lat' dir='ltr'><em>ut</em></span> <span class='ocrx_word' id='word_1_221' title='bbox 630 2514 740 2583; x_wconf 89' lang='lat' dir='ltr'><em>nullus</em></span> <span class='ocrx_word' id='word_1_222' title='bbox 773 2521 913 2608; x_wconf 89' lang='lat' dir='ltr'><em>Comes,</em></span> <span class='ocrx_word' id='word_1_223' title='bbox 953 2543 1051 2613; x_wconf 91' lang='lat' dir='ltr'><em>neque</em></span> <span class='ocrx_word' id='word_1_224' title='bbox 1165 2511 1211 2582; x_wconf 91' lang='lat' dir='ltr'><em>rii</em></span> <span class='ocrx_word' id='word_1_225' title='bbox 1235 2509 1357 2583; x_wconf 88' lang='lat' dir='ltr'><em>Domni</em></span> <span class='ocrx_word' id='word_1_226' title='bbox 1383 2509 1541 2583; x_wconf 82' lang='lat' dir='ltr'><em>Ludtviri</em></span> <span class='ocrx_word' id='word_1_227' title='bbox 1574 2509 1633 2581; x_wconf 90' lang='lat' dir='ltr'><em>Pii</em></span> <span class='ocrx_word' id='word_1_228' title='bbox 1668 2507 1867 2606; x_wconf 86' lang='lat' dir='ltr'><em>Imperatoris</em></span> <span class='ocrx_word' id='word_1_229' title='bbox 1893 2505 1930 2578; x_wconf 89' lang='lat' dir='ltr'><em>in</em></span> <span class='ocrx_word' id='word_1_230' title='bbox 1973 2499 1977 2508; x_wconf 49' lang='lat'><strong>¹</strong></span> 
     </span>
     <span class='ocr_line' id='line_1_23' title="bbox 281 2609 1674 2714; baseline 0.003 -35"><span class='ocrx_word' id='word_1_231' title='bbox 281 2609 371 2682; x_wconf 86' lang='lat' dir='ltr'><em>ullus</em></span> <span class='ocrx_word' id='word_1_232' title='bbox 395 2609 581 2706; x_wconf 89' lang='lat' dir='ltr'><em>Reipublice</em></span> <span class='ocrx_word' id='word_1_233' title='bbox 606 2613 787 2707; x_wconf 81' lang='lat' dir='ltr'><em>Minister,</em></span> <span class='ocrx_word' id='word_1_234' title='bbox 813 2645 868 2690; x_wconf 89' lang='lat' dir='ltr'><em>nec</em></span> <span class='ocrx_word' id='word_1_235' title='bbox 892 2617 1052 2714; x_wconf 82' lang='lat' dir='ltr'><em>quispiam</em></span> <span class='ocrx_word' id='word_1_236' title='bbox 1165 2611 1268 2686; x_wconf 86' lang='lat' dir='ltr'><em>ltalia</em></span> <span class='ocrx_word' id='word_1_237' title='bbox 1295 2615 1386 2684; x_wconf 85' lang='lat' dir='ltr'><em>Vill.</em></span> <span class='ocrx_word' id='word_1_238' title='bbox 1414 2609 1590 2682; x_wconf 75' lang='lat' dir='ltr'><em>lndiiiione</em></span> <span class='ocrx_word' id='word_1_239' title='bbox 1613 2614 1674 2683; x_wconf 84' lang='lat' dir='ltr'><em>IX.</em></span> 
     </span>
    </p>

    <p class='ocr_par' dir='ltr' id='par_1_8' title="bbox 281 2709 2002 3416">
     <span class='ocr_line' id='line_1_24' title="bbox 282 2709 1930 2814; baseline 0 -30"><span class='ocrx_word' id='word_1_240' title='bbox 282 2711 430 2784; x_wconf 79' lang='lat' dir='ltr'><em>heredum</em></span> <span class='ocrx_word' id='word_1_241' title='bbox 454 2714 510 2784; x_wconf 92' lang='lat' dir='ltr'><em>vel</em></span> <span class='ocrx_word' id='word_1_242' title='bbox 532 2715 736 2810; x_wconf 79' lang='lat' dir='ltr'><em>proheredum</em></span> <span class='ocrx_word' id='word_1_243' title='bbox 756 2717 895 2814; x_wconf 74' lang='lat' dir='ltr'><em>predii‘ii</em></span> <span class='ocrx_word' id='word_1_244' title='bbox 911 2724 1051 2792; x_wconf 86' lang='lat' dir='ltr'><em>Rutcbe·</em></span> <span class='ocrx_word' id='word_1_245' title='bbox 1216 2711 1343 2786; x_wconf 71' lang='lat' dir='ltr'><em>Altam</em></span> <span class='ocrx_word' id='word_1_246' title='bbox 1370 2717 1516 2784; x_wconf 80' lang='lat' dir='ltr'><em>Mantua</em></span> <span class='ocrx_word' id='word_1_247' title='bbox 1550 2710 1723 2803; x_wconf 83' lang='lat' dir='ltr'><em>Ciuitate,</em></span> <span class='ocrx_word' id='word_1_248' title='bbox 1759 2711 1804 2783; x_wconf 77' lang='lat' dir='ltr'><em>(r</em></span> <span class='ocrx_word' id='word_1_249' title='bbox 1828 2709 1930 2784; x_wconf 86' lang='lat' dir='ltr'><em>Pala·</em></span> 
     </span>
     <span class='ocr_line' id='line_1_25' title="bbox 284 2811 1894 2919; baseline 0.001 -34"><span class='ocrx_word' id='word_1_250' title='bbox 284 2811 315 2885; x_wconf 92' lang='lat' dir='ltr'><em>ri</em></span> <span class='ocrx_word' id='word_1_251' title='bbox 327 2869 339 2904; x_wconf 97' lang='lat'><em>,</em></span> <span class='ocrx_word' id='word_1_252' title='bbox 374 2835 469 2911; x_wconf 89' lang='lat' dir='ltr'><em>atque</em></span> <span class='ocrx_word' id='word_1_253' title='bbox 504 2818 574 2888; x_wconf 92' lang='lat' dir='ltr'><em>ulla</em></span> <span class='ocrx_word' id='word_1_254' title='bbox 610 2816 800 2892; x_wconf 80' lang='lat' dir='ltr'><em>intercidens</em></span> <span class='ocrx_word' id='word_1_255' title='bbox 833 2821 880 2894; x_wconf 63' lang='grc' dir='ltr'><em>θ’</em></span> <span class='ocrx_word' id='word_1_256' title='bbox 913 2819 1053 2919; x_wconf 79' lang='lat' dir='ltr'><em>apposita</em></span> <span class='ocrx_word' id='word_1_257' title='bbox 1165 2813 1212 2887; x_wconf 89' lang='lat' dir='ltr'><em>tio</em></span> <span class='ocrx_word' id='word_1_258' title='bbox 1237 2822 1289 2888; x_wconf 88' lang='lat' dir='ltr'><em>Re</em></span> <span class='ocrx_word' id='word_1_259' title='bbox 1311 2814 1339 2885; x_wconf 88' lang='lat' dir='ltr'><em>is</em></span> <span class='ocrx_word' id='word_1_260' title='bbox 1358 2813 1498 2906; x_wconf 80' lang='lat' dir='ltr'><em>solicitet</em></span> <span class='ocrx_word' id='word_1_261' title='bbox 1522 2812 1557 2884; x_wconf 94' lang='lat' dir='ltr'><em>in</em></span> <span class='ocrx_word' id='word_1_262' title='bbox 1584 2817 1739 2886; x_wconf 88' lang='lat' dir='ltr'><em>Domino.</em></span> <span class='ocrx_word' id='word_1_263' title='bbox 1764 2819 1894 2886; x_wconf 77' lang='lat' dir='ltr'><em>Amen.</em></span> 
     </span>
     <span class='ocr_line' id='line_1_26' title="bbox 282 2841 1930 3016; baseline 0.001 -32"><span class='ocrx_word' id='word_1_264' title='bbox 282 2914 442 3011; x_wconf 73' lang='lat' dir='ltr'><em>persona,</em></span> <span class='ocrx_word' id='word_1_265' title='bbox 469 2917 633 3011; x_wconf 79' lang='lat' dir='ltr'><em>quippiam</em></span> <span class='ocrx_word' id='word_1_266' title='bbox 659 2919 893 2991; x_wconf 68' lang='lat' dir='ltr'><em>emendationis</em></span> <span class='ocrx_word' id='word_1_267' title='bbox 917 2943 976 2993; x_wconf 86' lang='lat' dir='ltr'><em>aut</em></span> <span class='ocrx_word' id='word_1_268' title='bbox 1002 2924 1050 2992; x_wconf 87' lang='lat' dir='ltr'><em>in·</em></span> <span class='ocrx_word' id='word_1_269' title='bbox 1218 2841 1359 3012; x_wconf 71' lang='lat' dir='ltr'><em>Quiims</em></span> <span class='ocrx_word' id='word_1_270' title='bbox 1386 2933 1505 2990; x_wconf 85' lang='lat' dir='ltr'><em>autem</em></span> <span class='ocrx_word' id='word_1_271' title='bbox 1532 2911 1696 2990; x_wconf 82' lang='lat' dir='ltr'><em>formulis</em></span> <span class='ocrx_word' id='word_1_272' title='bbox 1723 2919 1834 3016; x_wconf 82' lang='lat' dir='ltr'><em>Reges</em></span> <span class='ocrx_word' id='word_1_273' title='bbox 1856 2939 1930 2988; x_wconf 86' lang='lat' dir='ltr'><em>non</em></span> 
     </span>
     <span class='ocr_line' id='line_1_27' title="bbox 285 3013 1931 3115; baseline 0.001 -29"><span class='ocrx_word' id='word_1_274' title='bbox 285 3013 430 3099; x_wconf 83' lang='lat' dir='ltr'><em>vafionit</em></span> <span class='ocrx_word' id='word_1_275' title='bbox 457 3013 708 3112; x_wconf 88' lang='lat' dir='ltr'><em>inquietudinem</em></span> <span class='ocrx_word' id='word_1_276' title='bbox 735 3017 770 3090; x_wconf 90' lang='lat' dir='ltr'><em>in</em></span> <span class='ocrx_word' id='word_1_277' title='bbox 795 3019 848 3090; x_wconf 93' lang='lat' dir='ltr'><em>bis</em></span> <span class='ocrx_word' id='word_1_278' title='bbox 873 3023 964 3092; x_wconf 87' lang='lat' dir='ltr'><em>rebus</em></span> <span class='ocrx_word' id='word_1_279' title='bbox 989 3021 1055 3090; x_wconf 90' lang='lat' dir='ltr'><em>ulla</em></span> <span class='ocrx_word' id='word_1_280' title='bbox 1167 3016 1323 3107; x_wconf 88' lang='lat' dir='ltr'><em>Beneficii</em></span> <span class='ocrx_word' id='word_1_281' title='bbox 1350 3017 1411 3108; x_wconf 91' lang='lat' dir='ltr'><em>sed</em></span> <span class='ocrx_word' id='word_1_282' title='bbox 1444 3017 1578 3090; x_wconf 76' lang='lat' dir='ltr'><em>Alledii</em></span> <span class='ocrx_word' id='word_1_283' title='bbox 1611 3017 1757 3092; x_wconf 87' lang='lat' dir='ltr'><em>nomine</em></span> <span class='ocrx_word' id='word_1_284' title='bbox 1792 3013 1931 3115; x_wconf 81' lang='lat' dir='ltr'><em>aliquid</em></span> 
     </span>
     <span class='ocr_line' id='line_1_28' title="bbox 287 3114 1931 3217; baseline 0.001 -29"><span class='ocrx_word' id='word_1_285' title='bbox 287 3139 436 3212; x_wconf 87' lang='lat' dir='ltr'><em>umquam</em></span> <span class='ocrx_word' id='word_1_286' title='bbox 461 3137 595 3213; x_wconf 88' lang='lat' dir='ltr'><em>tempore</em></span> <span class='ocrx_word' id='word_1_287' title='bbox 620 3137 727 3191; x_wconf 89' lang='lat' dir='ltr'><em>eontra</em></span> <span class='ocrx_word' id='word_1_288' title='bbox 747 3117 928 3216; x_wconf 80' lang='lat' dir='ltr'><em>praesertum</em></span> <span class='ocrx_word' id='word_1_289' title='bbox 947 3121 1054 3191; x_wconf 83' lang='lat' dir='ltr'><em>Eccle-</em></span> <span class='ocrx_word' id='word_1_290' title='bbox 1166 3114 1237 3188; x_wconf 86' lang='lat' dir='ltr'><em>suis</em></span> <span class='ocrx_word' id='word_1_291' title='bbox 1266 3114 1447 3188; x_wconf 87' lang='lat' dir='ltr'><em>Fidelibus</em></span> <span class='ocrx_word' id='word_1_292' title='bbox 1472 3115 1694 3207; x_wconf 83' lang='lat' dir='ltr'><em>conferrent,</em></span> <span class='ocrx_word' id='word_1_293' title='bbox 1721 3145 1765 3192; x_wconf 85' lang='lat' dir='ltr'><em>ex</em></span> <span class='ocrx_word' id='word_1_294' title='bbox 1785 3116 1931 3217; x_wconf 89' lang='lat' dir='ltr'><em>sequen·</em></span> 
     </span>
     <span class='ocr_line' id='line_1_29' title="bbox 281 3196 2002 3317; baseline 0.001 -27"><span class='ocrx_word' id='word_1_295' title='bbox 281 3215 390 3308; x_wconf 85' lang='lat' dir='ltr'><em>siam,</em></span> <span class='ocrx_word' id='word_1_296' title='bbox 424 3236 483 3290; x_wconf 88' lang='lat' dir='ltr'><em>aut</em></span> <span class='ocrx_word' id='word_1_297' title='bbox 517 3217 666 3290; x_wconf 77' lang='lat' dir='ltr'><em>Rettaeec</em></span> <span class='ocrx_word' id='word_1_298' title='bbox 699 3219 769 3315; x_wconf 79' lang='lat' dir='ltr'><em>esus</em></span> <span class='ocrx_word' id='word_1_299' title='bbox 802 3219 918 3310; x_wconf 87' lang='lat' dir='ltr'><em>inserte</em></span> <span class='ocrx_word' id='word_1_300' title='bbox 950 3218 1055 3317; x_wconf 87' lang='lat' dir='ltr'><em>presa·</em></span> <span class='ocrx_word' id='word_1_301' title='bbox 1095 3196 1130 3266; x_wconf 76' lang='lat' dir='ltr'>D</span> <span class='ocrx_word' id='word_1_302' title='bbox 1167 3214 1198 3290; x_wconf 88' lang='lat' dir='ltr'><em>ti</em></span> <span class='ocrx_word' id='word_1_303' title='bbox 1226 3212 1434 3312; x_wconf 85' lang='lat' dir='ltr'><em>Diplomate</em></span> <span class='ocrx_word' id='word_1_304' title='bbox 1460 3213 1639 3312; x_wconf 86' lang='lat' dir='ltr'><em>liquebit,</em></span> <span class='ocrx_word' id='word_1_305' title='bbox 1664 3218 1759 3313; x_wconf 90' lang='lat' dir='ltr'><em>quod</em></span> <span class='ocrx_word' id='word_1_306' title='bbox 1786 3244 1829 3292; x_wconf 87' lang='lat' dir='ltr'><em>ex</em></span> <span class='ocrx_word' id='word_1_307' title='bbox 1850 3218 1930 3292; x_wconf 81' lang='lat' dir='ltr'><em>infi·</em></span> <span class='ocrx_word' id='word_1_308' title='bbox 1997 3293 2002 3299; x_wconf 85' lang='grc'>,</span> 
     </span>
     <span class='ocr_line' id='line_1_30' title="bbox 290 3312 1930 3416; baseline 0.002 -24"><span class='ocrx_word' id='word_1_309' title='bbox 290 3339 381 3408; x_wconf 86' lang='lat' dir='ltr'><em>mat,</em></span> <span class='ocrx_word' id='word_1_310' title='bbox 409 3345 463 3390; x_wconf 89' lang='lat' dir='ltr'><em>nee</em></span> <span class='ocrx_word' id='word_1_311' title='bbox 487 3319 651 3414; x_wconf 78' lang='lat' dir='ltr'><em>quisquam</em></span> <span class='ocrx_word' id='word_1_312' title='bbox 674 3321 749 3393; x_wconf 88' lang='lat' dir='ltr'><em>inde</em></span> <span class='ocrx_word' id='word_1_313' title='bbox 766 3321 892 3415; x_wconf 86' lang='lat' dir='ltr'><em>causare</em></span> <span class='ocrx_word' id='word_1_314' title='bbox 910 3341 1059 3394; x_wconf 83' lang='lat' dir='ltr'><em>conetur:</em></span> <span class='ocrx_word' id='word_1_315' title='bbox 1167 3315 1231 3416; x_wconf 84' lang='lat' dir='ltr'><em>gni</em></span> <span class='ocrx_word' id='word_1_316' title='bbox 1266 3312 1431 3388; x_wconf 74' lang='lat' dir='ltr'><em>Archino</em></span> <span class='ocrx_word' id='word_1_317' title='bbox 1465 3314 1630 3413; x_wconf 80' lang='lat' dir='ltr'><em>Capituli</em></span> <span class='ocrx_word' id='word_1_318' title='bbox 1665 3317 1930 3396; x_wconf 81' lang='lat' dir='ltr'><em>Canonicomm</em></span> 
     </span>
    </p>
   </div>
   <div class='ocr_carea' id='block_1_5' title="bbox 284 3413 1612 3624">
    <p class='ocr_par' dir='ltr' id='par_1_9' title="bbox 284 3413 1612 3624">
     <span class='ocr_line' id='line_1_31' title="bbox 284 3413 1612 3522; baseline 0 -31"><span class='ocrx_word' id='word_1_319' title='bbox 284 3418 346 3512; x_wconf 90' lang='lat' dir='ltr'><em>sed</em></span> <span class='ocrx_word' id='word_1_320' title='bbox 363 3417 448 3505; x_wconf 85' lang='lat' dir='ltr'><em>ficut</em></span> <span class='ocrx_word' id='word_1_321' title='bbox 473 3419 508 3490; x_wconf 89' lang='lat' dir='ltr'><em>in</em></span> <span class='ocrx_word' id='word_1_322' title='bbox 535 3420 638 3506; x_wconf 86' lang='lat' dir='ltr'><em>naslea</em></span> <span class='ocrx_word' id='word_1_323' title='bbox 660 3423 820 3518; x_wconf 88' lang='lat' dir='ltr'><em>presentia</em></span> <span class='ocrx_word' id='word_1_324' title='bbox 844 3424 988 3515; x_wconf 86' lang='lat' dir='ltr'><em>tradite,</em></span> <span class='ocrx_word' id='word_1_325' title='bbox 1050 3501 1053 3504; x_wconf 95' lang='lat'>.</span> <span class='ocrx_word' id='word_1_326' title='bbox 1094 3449 1101 3455; x_wconf 84' lang='grc'><em>’</em></span> <span class='ocrx_word' id='word_1_327' title='bbox 1168 3413 1393 3522; x_wconf 83' lang='lat' dir='ltr'><em>Regienfium</em></span> <span class='ocrx_word' id='word_1_328' title='bbox 1419 3413 1612 3520; x_wconf 87' lang='lat' dir='ltr'><em>depromfi.</em></span> 
     </span>
     <span class='ocr_line' id='line_1_32' title="bbox 293 3441 1143 3624; baseline 0.008 -30"><span class='ocrx_word' id='word_1_329' title='bbox 293 3520 455 3612; x_wconf 83' lang='lat' dir='ltr'><em>anetslris</em></span> <span class='ocrx_word' id='word_1_330' title='bbox 471 3519 631 3616; x_wconf 88' lang='lat' dir='ltr'><em>fidelibus</em></span> <span class='ocrx_word' id='word_1_331' title='bbox 649 3523 784 3616; x_wconf 89' lang='lat' dir='ltr'><em>suerunt</em></span> <span class='ocrx_word' id='word_1_332' title='bbox 817 3527 977 3620; x_wconf 59' lang='lat' dir='ltr'><em>Materte,</em></span> <span class='ocrx_word' id='word_1_333' title='bbox 1012 3525 1063 3600; x_wconf 88' lang='lat' dir='ltr'><em>ita</em></span> <span class='ocrx_word' id='word_1_334' title='bbox 1134 3441 1143 3624; x_wconf 74' lang='lat' dir='ltr'><em>i</em></span> 
     </span>
    </p>
   </div>
   <div class='ocr_carea' id='block_1_6' title="bbox 320 3739 1942 3984">
    <p class='ocr_par' dir='ltr' id='par_1_10' title="bbox 320 3739 1942 3984">
     <span class='ocr_line' id='line_1_33' title="bbox 320 3739 1942 3864; baseline 0.002 -37"><span class='ocrx_word' id='word_1_335' title='bbox 320 3739 499 3832; x_wconf 82' lang='lat' dir='ltr'><em>Donatio</em></span> <span class='ocrx_word' id='word_1_336' title='bbox 528 3741 692 3834; x_wconf 80' lang='lat' dir='ltr'><em>Feliuee</em></span> <span class='ocrx_word' id='word_1_337' title='bbox 723 3749 763 3834; x_wconf 76' lang='lat' dir='ltr'><em>ds</em></span> <span class='ocrx_word' id='word_1_338' title='bbox 796 3745 977 3835; x_wconf 81' lang='lat' dir='ltr'><em>Malliaci</em></span> <span class='ocrx_word' id='word_1_339' title='bbox 1007 3745 1108 3836; x_wconf 72' lang='lat' dir='ltr'><em>taeta</em></span> <span class='ocrx_word' id='word_1_340' title='bbox 1139 3765 1206 3864; x_wconf 87' lang='lat' dir='ltr'><em>per</em></span> <span class='ocrx_word' id='word_1_341' title='bbox 1237 3741 1490 3834; x_wconf 85' lang='lat' dir='ltr'><em>Ludovicum</em></span> <span class='ocrx_word' id='word_1_342' title='bbox 1522 3747 1576 3829; x_wconf 89' lang='grc' dir='ltr'><em>ΙΙ.</em></span> <span class='ocrx_word' id='word_1_343' title='bbox 1608 3747 1899 3863; x_wconf 76' lang='lat' dir='ltr'><em>Imperatorem</em></span> <span class='ocrx_word' id='word_1_344' title='bbox 1938 3743 1942 3752; x_wconf 83' lang='lat'>&#39;</span> 
     </span>
     <span class='ocr_line' id='line_1_34' title="bbox 571 3863 1648 3984; baseline 0.001 -34"><span class='ocrx_word' id='word_1_345' title='bbox 571 3863 747 3984; x_wconf 86' lang='lat' dir='ltr'><em>Supponi</em></span> <span class='ocrx_word' id='word_1_346' title='bbox 778 3864 898 3954; x_wconf 79' lang='lat' dir='ltr'><em>Velio</em></span> <span class='ocrx_word' id='word_1_347' title='bbox 929 3871 969 3952; x_wconf 80' lang='lat' dir='ltr'><em>be</em></span> <span class='ocrx_word' id='word_1_348' title='bbox 1000 3863 1239 3958; x_wconf 83' lang='lat' dir='ltr'><em>Coofiliario</em></span> <span class='ocrx_word' id='word_1_349' title='bbox 1267 3865 1360 3978; x_wconf 87' lang='lat' dir='ltr'><em>suo,</em></span> <span class='ocrx_word' id='word_1_350' title='bbox 1390 3869 1515 3952; x_wconf 88' lang='lat' dir='ltr'><em>Anno</em></span> <span class='ocrx_word' id='word_1_351' title='bbox 1547 3865 1648 3979; x_wconf 80' lang='lat'><strong>863.</strong></span> 
     </span>
    </p>
   </div>
   <div class='ocr_carea' id='block_1_7' title="bbox 281 4121 1937 5220">
    <p class='ocr_par' dir='ltr' id='par_1_11' title="bbox 281 4121 1937 5220">
     <span class='ocr_line' id='line_1_35' title="bbox 290 4121 1936 4314; baseline -0.002 -111"><span class='ocrx_word' id='word_1_352' title='bbox 290 4127 379 4314; x_wconf 83' lang='lat' dir='ltr'><em>IN</em></span> <span class='ocrx_word' id='word_1_353' title='bbox 400 4127 524 4200; x_wconf 90' lang='lat' dir='ltr'><em>nomine</em></span> <span class='ocrx_word' id='word_1_354' title='bbox 549 4130 685 4202; x_wconf 89' lang='lat' dir='ltr'><em>Domini</em></span> <span class='ocrx_word' id='word_1_355' title='bbox 714 4133 779 4206; x_wconf 90' lang='lat' dir='ltr'><em>Dei</em></span> <span class='ocrx_word' id='word_1_356' title='bbox 805 4131 1060 4207; x_wconf 69' lang='lat' dir='ltr'><em>&amp;salvatoris</em></span> <span class='ocrx_word' id='word_1_357' title='bbox 1101 4142 1131 4213; x_wconf 91' lang='lat' dir='ltr'><strong>E</strong></span> <span class='ocrx_word' id='word_1_358' title='bbox 1166 4131 1308 4232; x_wconf 89' lang='lat' dir='ltr'><em>sentium</em></span> <span class='ocrx_word' id='word_1_359' title='bbox 1326 4130 1449 4227; x_wconf 87' lang='lat' dir='ltr'><em>scilicet</em></span> <span class='ocrx_word' id='word_1_360' title='bbox 1471 4157 1509 4204; x_wconf 88' lang='lat' dir='ltr'><em>ae</em></span> <span class='ocrx_word' id='word_1_361' title='bbox 1527 4128 1708 4220; x_wconf 89' lang='lat' dir='ltr'><em>suturorum</em></span> <span class='ocrx_word' id='word_1_362' title='bbox 1741 4121 1822 4222; x_wconf 67' lang='lat' dir='ltr'><em>nass}</em></span> <span class='ocrx_word' id='word_1_363' title='bbox 1848 4129 1936 4226; x_wconf 81' lang='lat' dir='ltr'><em>eupi-</em></span> 
     </span>
     <span class='ocr_line' id='line_1_36' title="bbox 365 4229 1936 4332; baseline -0.005 -28"><span class='ocrx_word' id='word_1_364' title='bbox 365 4231 461 4320; x_wconf 84' lang='lat' dir='ltr'><em>nasiri</em></span> <span class='ocrx_word' id='word_1_365' title='bbox 477 4237 508 4322; x_wconf 90' lang='lat' dir='ltr'><em>J</em></span> <span class='ocrx_word' id='word_1_366' title='bbox 510 4229 560 4322; x_wconf 93' lang='lat' dir='ltr'><em>esu</em></span> <span class='ocrx_word' id='word_1_367' title='bbox 587 4233 729 4325; x_wconf 89' lang='lat' dir='ltr'><em>Cbrisli,</em></span> <span class='ocrx_word' id='word_1_368' title='bbox 768 4237 980 4306; x_wconf 83' lang='lat' dir='ltr'><em>Hludowiens</em></span> <span class='ocrx_word' id='word_1_369' title='bbox 1006 4237 1056 4308; x_wconf 88' lang='lat' dir='ltr'><em>di·</em></span> <span class='ocrx_word' id='word_1_370' title='bbox 1174 4259 1242 4310; x_wconf 88' lang='lat' dir='ltr'><em>mus</em></span> <span class='ocrx_word' id='word_1_371' title='bbox 1262 4233 1453 4332; x_wconf 84' lang='lat' dir='ltr'><em>sagacitatis</em></span> <span class='ocrx_word' id='word_1_372' title='bbox 1474 4230 1682 4322; x_wconf 84' lang='lat' dir='ltr'><em>induslriarn,</em></span> <span class='ocrx_word' id='word_1_373' title='bbox 1701 4231 1840 4329; x_wconf 86' lang='lat' dir='ltr'><em>qualiter</em></span> <span class='ocrx_word' id='word_1_374' title='bbox 1857 4233 1936 4304; x_wconf 83' lang='lat' dir='ltr'><em>An.</em></span> 
     </span>
     <span class='ocr_line' id='line_1_37' title="bbox 290 4331 1937 4436; baseline 0.001 -32"><span class='ocrx_word' id='word_1_375' title='bbox 290 4333 373 4406; x_wconf 91' lang='lat' dir='ltr'><em>vina</em></span> <span class='ocrx_word' id='word_1_376' title='bbox 388 4333 556 4404; x_wconf 85' lang='lat' dir='ltr'><em>ordinante</em></span> <span class='ocrx_word' id='word_1_377' title='bbox 573 4335 783 4429; x_wconf 85' lang='lat' dir='ltr'><em>providentib</em></span> <span class='ocrx_word' id='word_1_378' title='bbox 797 4341 970 4434; x_wconf 87' lang='lat' dir='ltr'><em>Imperator</em></span> <span class='ocrx_word' id='word_1_379' title='bbox 983 4347 1057 4411; x_wconf 74' lang='lat' dir='ltr'><em>Au·</em></span> <span class='ocrx_word' id='word_1_380' title='bbox 1173 4338 1336 4436; x_wconf 82' lang='lat' dir='ltr'><em>delberga</em></span> <span class='ocrx_word' id='word_1_381' title='bbox 1360 4333 1560 4427; x_wconf 78' lang='lat' dir='ltr'><em>dileiliffima</em></span> <span class='ocrx_word' id='word_1_382' title='bbox 1578 4331 1748 4408; x_wconf 84' lang='lat' dir='ltr'><em>Coniunx</em></span> <span class='ocrx_word' id='word_1_383' title='bbox 1775 4333 1811 4406; x_wconf 85' lang='lat'>&amp;</span> <span class='ocrx_word' id='word_1_384' title='bbox 1837 4334 1937 4406; x_wconf 87' lang='lat' dir='ltr'><em>Con·</em></span> 
     </span>
     <span class='ocr_line' id='line_1_38' title="bbox 285 4433 1937 4538; baseline 0.002 -33"><span class='ocrx_word' id='word_1_385' title='bbox 285 4435 418 4532; x_wconf 87' lang='lat' dir='ltr'><em>guslut.</em></span> <span class='ocrx_word' id='word_1_386' title='bbox 445 4439 484 4506; x_wconf 75' lang='lat' dir='ltr'><em>sa</em></span> <span class='ocrx_word' id='word_1_387' title='bbox 509 4433 630 4529; x_wconf 88' lang='lat' dir='ltr'><em>piorum</em></span> <span class='ocrx_word' id='word_1_388' title='bbox 654 4438 861 4533; x_wconf 83' lang='lat' dir='ltr'><em>petitionibus</em></span> <span class='ocrx_word' id='word_1_389' title='bbox 885 4465 978 4513; x_wconf 87' lang='lat' dir='ltr'><em>autes</em></span> <span class='ocrx_word' id='word_1_390' title='bbox 1004 4468 1056 4512; x_wconf 87' lang='lat' dir='ltr'><em>no·</em></span> <span class='ocrx_word' id='word_1_391' title='bbox 1173 4441 1246 4518; x_wconf 89' lang='lat' dir='ltr'><em>sors</em></span> <span class='ocrx_word' id='word_1_392' title='bbox 1273 4433 1419 4538; x_wconf 86' lang='lat' dir='ltr'><em>Imperii</em></span> <span class='ocrx_word' id='word_1_393' title='bbox 1440 4433 1547 4510; x_wconf 85' lang='lat' dir='ltr'><em>nostri</em></span> <span class='ocrx_word' id='word_1_394' title='bbox 1566 4436 1723 4534; x_wconf 79' lang='lat' dir='ltr'><em>expetivit</em></span> <span class='ocrx_word' id='word_1_395' title='bbox 1740 4433 1937 4511; x_wconf 83' lang='lat' dir='ltr'><em>clementinus</em></span> 
     </span>
     <span class='ocr_line' id='line_1_39' title="bbox 281 4535 1937 4638; baseline 0.002 -33"><span class='ocrx_word' id='word_1_396' title='bbox 281 4535 371 4624; x_wconf 82' lang='lat' dir='ltr'><em>sitae</em></span> <span class='ocrx_word' id='word_1_397' title='bbox 384 4535 519 4632; x_wconf 88' lang='lat' dir='ltr'><em>pietatis</em></span> <span class='ocrx_word' id='word_1_398' title='bbox 537 4540 869 4611; x_wconf 85' lang='lat' dir='ltr'><em>accommodaverimus</em></span> <span class='ocrx_word' id='word_1_399' title='bbox 885 4594 895 4628; x_wconf 94' lang='lat'><em>,</em></span> <span class='ocrx_word' id='word_1_400' title='bbox 914 4541 951 4612; x_wconf 91' lang='lat' dir='ltr'><em>id</em></span> <span class='ocrx_word' id='word_1_401' title='bbox 969 4545 1059 4614; x_wconf 87' lang='lat' dir='ltr'><em>nobit</em></span> <span class='ocrx_word' id='word_1_402' title='bbox 1173 4543 1331 4633; x_wconf 82' lang='lat' dir='ltr'><em>nasicam,</em></span> <span class='ocrx_word' id='word_1_403' title='bbox 1356 4537 1508 4638; x_wconf 83' lang='lat' dir='ltr'><em>quatiotu</em></span> <span class='ocrx_word' id='word_1_404' title='bbox 1530 4559 1588 4635; x_wconf 90' lang='lat' dir='ltr'><em>per</em></span> <span class='ocrx_word' id='word_1_405' title='bbox 1611 4535 1732 4626; x_wconf 76' lang='lat' dir='ltr'><em>nasicae</em></span> <span class='ocrx_word' id='word_1_406' title='bbox 1752 4537 1937 4634; x_wconf 85' lang='lat' dir='ltr'><em>largitionis</em></span> 
     </span>
     <span class='ocr_line' id='line_1_40' title="bbox 289 4637 1937 4742; baseline -0.002 -29"><span class='ocrx_word' id='word_1_407' title='bbox 289 4640 334 4713; x_wconf 84' lang='lat' dir='ltr'><em>ud</em></span> <span class='ocrx_word' id='word_1_408' title='bbox 359 4663 462 4710; x_wconf 90' lang='lat' dir='ltr'><em>eorum</em></span> <span class='ocrx_word' id='word_1_409' title='bbox 479 4637 678 4730; x_wconf 88' lang='lat' dir='ltr'><em>fidelitatem</em></span> <span class='ocrx_word' id='word_1_410' title='bbox 704 4645 883 4738; x_wconf 89' lang='lat' dir='ltr'><em>augendam</em></span> <span class='ocrx_word' id='word_1_411' title='bbox 918 4640 1057 4740; x_wconf 75' lang='lat' dir='ltr'><em>prodest</em></span> <span class='ocrx_word' id='word_1_412' title='bbox 1172 4653 1376 4742; x_wconf 84' lang='lat' dir='ltr'><em>Praeceptum</em></span> <span class='ocrx_word' id='word_1_413' title='bbox 1383 4639 1459 4737; x_wconf 79' lang='lat' dir='ltr'><em>jure</em></span> <span class='ocrx_word' id='word_1_414' title='bbox 1471 4640 1598 4739; x_wconf 84' lang='lat' dir='ltr'><em>propria</em></span> <span class='ocrx_word' id='word_1_415' title='bbox 1611 4650 1835 4714; x_wconf 88' lang='lat' dir='ltr'><em>concederemus</em></span> <span class='ocrx_word' id='word_1_416' title='bbox 1851 4643 1937 4732; x_wconf 86' lang='lat' dir='ltr'><em>Sup-</em></span> 
     </span>
     <span class='ocr_line' id='line_1_41' title="bbox 291 4735 1936 4850; baseline -0.002 -38"><span class='ocrx_word' id='word_1_417' title='bbox 291 4741 461 4836; x_wconf 92' lang='lat' dir='ltr'><em>cupimus,</em></span> <span class='ocrx_word' id='word_1_418' title='bbox 498 4741 686 4838; x_wconf 23' lang='lat' dir='ltr'><em>insuperflac</em></span> <span class='ocrx_word' id='word_1_419' title='bbox 710 4765 855 4817; x_wconf 87' lang='lat' dir='ltr'><em>aeternae</em></span> <span class='ocrx_word' id='word_1_420' title='bbox 880 4753 1056 4819; x_wconf 79' lang='lat' dir='ltr'><em>remunera·</em></span> <span class='ocrx_word' id='word_1_421' title='bbox 1170 4747 1257 4850; x_wconf 87' lang='lat' dir='ltr'><em>poni</em></span> <span class='ocrx_word' id='word_1_422' title='bbox 1276 4747 1403 4836; x_wconf 85' lang='lat' dir='ltr'><em>sirenae</em></span> <span class='ocrx_word' id='word_1_423' title='bbox 1438 4743 1572 4834; x_wconf 77' lang='lat' dir='ltr'><em>Velio,</em></span> <span class='ocrx_word' id='word_1_424' title='bbox 1606 4742 1780 4838; x_wconf 82' lang='lat' dir='ltr'><em>dileilnque</em></span> <span class='ocrx_word' id='word_1_425' title='bbox 1813 4735 1936 4815; x_wconf 83' lang='lat' dir='ltr'><em>Const-</em></span> 
     </span>
     <span class='ocr_line' id='line_1_42' title="bbox 290 4841 1936 4944; baseline -0.001 -32"><span class='ocrx_word' id='word_1_426' title='bbox 290 4843 389 4916; x_wconf 87' lang='lat' dir='ltr'><em>tionis</em></span> <span class='ocrx_word' id='word_1_427' title='bbox 411 4843 556 4940; x_wconf 89' lang='lat' dir='ltr'><em>praemia</em></span> <span class='ocrx_word' id='word_1_428' title='bbox 574 4841 645 4928; x_wconf 86' lang='lat' dir='ltr'><em>sine</em></span> <span class='ocrx_word' id='word_1_429' title='bbox 659 4841 730 4936; x_wconf 85' lang='lat' dir='ltr'><em>siae</em></span> <span class='ocrx_word' id='word_1_430' title='bbox 749 4848 898 4938; x_wconf 88' lang='lat' dir='ltr'><em>mansura</em></span> <span class='ocrx_word' id='word_1_431' title='bbox 915 4875 969 4919; x_wconf 91' lang='lat' dir='ltr'><em>nos</em></span> <span class='ocrx_word' id='word_1_432' title='bbox 986 4869 1054 4943; x_wconf 89' lang='lat' dir='ltr'><em>pet·</em></span> <span class='ocrx_word' id='word_1_433' title='bbox 1169 4849 1277 4924; x_wconf 85' lang='lat' dir='ltr'><em>liario</em></span> <span class='ocrx_word' id='word_1_434' title='bbox 1303 4847 1420 4922; x_wconf 85' lang='lat' dir='ltr'><em>nostro</em></span> <span class='ocrx_word' id='word_1_435' title='bbox 1445 4847 1598 4944; x_wconf 86' lang='lat' dir='ltr'><em>quasdam</em></span> <span class='ocrx_word' id='word_1_436' title='bbox 1624 4851 1733 4918; x_wconf 86' lang='lat' dir='ltr'><em>Cortrs</em></span> <span class='ocrx_word' id='word_1_437' title='bbox 1758 4841 1840 4930; x_wconf 78' lang='lat' dir='ltr'><em>iuris</em></span> <span class='ocrx_word' id='word_1_438' title='bbox 1867 4845 1936 4911; x_wconf 86' lang='lat' dir='ltr'><em>Re·</em></span> 
     </span>
     <span class='ocr_line' id='line_1_43' title="bbox 289 4939 1936 5107; baseline -0.002 -94"><span class='ocrx_word' id='word_1_439' title='bbox 289 4945 389 5040; x_wconf 87' lang='lat' dir='ltr'><em>cipere</em></span> <span class='ocrx_word' id='word_1_440' title='bbox 408 4946 583 5020; x_wconf 88' lang='lat' dir='ltr'><em>eredimus.</em></span> <span class='ocrx_word' id='word_1_441' title='bbox 611 4949 718 5036; x_wconf 79' lang='lat' dir='ltr'><em>Igitur</em></span> <span class='ocrx_word' id='word_1_442' title='bbox 734 4949 872 5021; x_wconf 89' lang='lat' dir='ltr'><em>omniurn</em></span> <span class='ocrx_word' id='word_1_443' title='bbox 892 4950 1056 5020; x_wconf 85' lang='lat' dir='ltr'><em>Fidelium</em></span> <span class='ocrx_word' id='word_1_444' title='bbox 1083 4947 1091 5107; x_wconf 74' lang='grc' dir='ltr'>Ι</span> <span class='ocrx_word' id='word_1_445' title='bbox 1164 4953 1228 5048; x_wconf 87' lang='lat' dir='ltr'><em>gui</em></span> <span class='ocrx_word' id='word_1_446' title='bbox 1252 4951 1371 5038; x_wconf 75' lang='lat' dir='ltr'><em>nestri,</em></span> <span class='ocrx_word' id='word_1_447' title='bbox 1393 4947 1475 5032; x_wconf 86' lang='lat' dir='ltr'><em>sitas</em></span> <span class='ocrx_word' id='word_1_448' title='bbox 1502 4949 1537 5020; x_wconf 89' lang='lat' dir='ltr'><em>itt</em></span> <span class='ocrx_word' id='word_1_449' title='bbox 1563 4949 1727 5022; x_wconf 87' lang='lat' dir='ltr'><em>Comitatu</em></span> <span class='ocrx_word' id='word_1_450' title='bbox 1745 4939 1936 5032; x_wconf 82' lang='lat' dir='ltr'><em>Parmense,</em></span> 
     </span>
     <span class='ocr_line' id='line_1_44' title="bbox 288 5047 1937 5151; baseline 0 -33"><span class='ocrx_word' id='word_1_451' title='bbox 288 5047 426 5125; x_wconf 74' lang='lat' dir='ltr'><em>taedae</em></span> <span class='ocrx_word' id='word_1_452' title='bbox 442 5047 510 5142; x_wconf 84' lang='lat' dir='ltr'><em>Dei</em></span> <span class='ocrx_word' id='word_1_453' title='bbox 531 5047 711 5144; x_wconf 79' lang='lat' dir='ltr'><em>Ecclesiae,</em></span> <span class='ocrx_word' id='word_1_454' title='bbox 726 5049 951 5150; x_wconf 86' lang='lat' dir='ltr'><em>ntslrotumquc</em></span> <span class='ocrx_word' id='word_1_455' title='bbox 962 5072 1057 5151; x_wconf 88' lang='lat' dir='ltr'><em>prae·</em></span> <span class='ocrx_word' id='word_1_456' title='bbox 1168 5054 1204 5126; x_wconf 89' lang='lat' dir='ltr'><em>in</em></span> <span class='ocrx_word' id='word_1_457' title='bbox 1230 5049 1423 5142; x_wconf 83' lang='lat' dir='ltr'><em>Gasicldatu</em></span> <span class='ocrx_word' id='word_1_458' title='bbox 1446 5049 1676 5144; x_wconf 89' lang='lat' dir='ltr'><em>Bismantino,</em></span> <span class='ocrx_word' id='word_1_459' title='bbox 1710 5068 1845 5142; x_wconf 83' lang='lat' dir='ltr'><em>quarum</em></span> <span class='ocrx_word' id='word_1_460' title='bbox 1869 5069 1937 5118; x_wconf 83' lang='lat' dir='ltr'><em>una</em></span> 
     </span>
     <span class='ocr_line' id='line_1_45' title="bbox 1785 5171 1882 5220; baseline -0.062 -1"><span class='ocrx_word' id='word_1_461' title='bbox 1785 5171 1882 5220; x_wconf 85' lang='lat' dir='ltr'><em>voca.</em></span> 
     </span>
    </p>
   </div>
   <div class='ocr_carea' id='block_1_8' title="bbox 0 0 2313 6068">
    <p class='ocr_par' dir='ltr' id='par_1_12' title="bbox 0 0 2313 6068">
     <span class='ocr_line' id='line_1_46' title="bbox 0 0 2313 6068; baseline 0 0"><span class='ocrx_word' id='word_1_462' title='bbox 0 0 2313 6068; x_wconf 95' lang='lat' dir='ltr'><em> </em></span> 
     </span>
    </p>
   </div>
  </div>
 </body>
</html>
