4536 6064
301 460 390 551 7¹3
597 432 965 520 Dtssturnsto
1011 431 1527 550 Qorucrnoecrun.
1736 467 1824 554 714

242 572 445 634 metuntur,
469 567 510 626 ut
535 549 626 626 inste
654 550 810 653 patebita
834 551 1003 626 solicitus
1043 562 1078 626 A
1087 595 1092 668 Ι
1117 556 1156 626 di
1165 610 1176 646 ,
1203 555 1266 639 urst
1285 556 1347 648 sub
1381 553 1486 642 vestra
1509 555 1657 648 potestate
1689 557 1747 628 nel
1771 556 1883 643 desen-

242 661 328 730 uerb
353 652 424 729 suit
455 652 670 752 quicumque
705 655 870 729 libertate
896 653 1007 730 dous-

243 771 325 874 tus‚
361 775 402 830 ut
438 755 584 876 Charta·
606 756 669 832 fibi
705 753 1004 848 conscriberetur,

243 876 709 1035 {infinibili
742 857 1005 1035 liiiiiinbie

244 1079 420 1138 tueretur.
441 1067 641 1136 Occurrunt
664 1066 699 1136 ἃ
722 1066 942 1134 Conmendoti
966 1061 1004 1134 in

243 1182 404 1238 veterum
428 1163 574 1238 Chartis
583 1189 596 1265 3
620 1183 656 1238 ut
679 1165 735 1240 ilii
755 1163 1007 1238 Monumili'to-

243 1291 289 1338 ne
329 1263 480 1343 minime
519 1265 752 1366 indigebant,
787 1285 827 1340 ut
865 1270 1036 1424 plenump

243 1365 466 1442 Libertatem
500 1367 716 1469 reciperent.
750 1371 894 1464 Quippe
930 1367 1006 1442 sue-

243 1487 326 1542 runt
353 1487 416 1541 out
440 1470 568 1566 Liberi,
589 1489 649 1543 out
676 1471 819 1550 Liberti,
848 1471 903 1543 secl
920 1473 1007 1568 ple·-
1031 1555 1034 1562 ι
1056 1465 1086 1538 Β

242 1587 393 1668 tumque
419 1571 589 1670 Ingenui,
616 1570 679 1669 qui
706 1571 856 1670 alicujus
887 1579 1035 1670 putro-'

244 1670 343 1745 einio
368 1697 408 1745 oc
434 1674 567 1746 tutelae
591 1671 653 1746 sub
680 1674 785 1747 certis
810 1671 1008 1772 obligatio-

243 1772 369 1853 nibus,
396 1771 534 1848 servilis
570 1773 749 1850 intertium
785 1773 1004 1850 conditionis

243 1871 370 1948 sociem
406 1872 657 1958 referentibus,
684 1875 755 1950 sese
779 1877 1006 1951 commentis-

243 1974 349 2048 bsnt.
380 1978 603 2064 formulam
622 1977 905 2053 Sirmoodianosn
942 1977 1007 2052 lte-

243 2076 365 2150 bemus
386 2103 482 2152 nunt.
499 2103 564 2173 44.
581 2077 619 2152 in
642 2105 711 2176 qua
731 2077 794 2153 vir·
809 2083 1004 2182 ingenuus,
1038 2093 1039 2098 ’

242 2173 313 2250 flue
348 2176 488 2268 Liber,
522 2179 649 2249 minime
682 2185 824 2261 hbent,
858 2191 945 2252 undo
969 2181 1007 2273 se

239 2277 363 2374 posuere
380 2280 438 2350 uel
456 2278 571 2368 uellite
590 2283 699 2354 debeat
710 2329 723 2366 ,
743 2283 812 2352 ideo
831 2281 846 2380 (
856 2281 1005 2382 inquit)
1036 2327 1037 2330 π

238 2379 323 2475 petii
344 2379 463 2476 pieteti
493 2379 637 2469 vesitus,
662 2403 700 2454 ut
723 2411 773 2455 me
797 2385 834 2472 iss
866 2383 1006 2471 orfitum
1043 2377 1077 2450 C

242 2484 505 2555 Mundobutdurn
544 2486 669 2556 tradere
700 2487 757 2556 trel
793 2463 1034 2579 commendares

240 2585 402 2656 debetne·
425 2589 479 2656 Eo
501 2585 652 2656 videlieet
673 2589 782 2668 nudo,
805 2607 842 2657 ut
866 2613 914 2659 me
935 2609 1007 2660 tum

240 2685 281 2754 de
305 2681 422 2776 uide,
447 2691 543 2784 prim
569 2684 619 2764 &
645 2689 686 2756 de
718 2687 921 2777 erellirreure,
945 2687 1004 2782 iu-

242 2805 299 2858 rrtu
324 2789 407 2883 qued
428 2789 522 2860 orbis
540 2786 666 2878 seruire
690 2789 735 2858 Ο·
757 2791 923 2882 prummeri
944 2813 1004 2885 po-

243 2905 351 2966 tuere,
375 2887 555 2980 adiuuare,
579 2887 636 2956 urei
669 2889 824 2977 consulare
856 2894 1004 2976 urbem,-

244 2981 293 3064 ψ’
318 2988 395 3056 dum
429 3013 484 3083 ego
510 2986 544 3058 in
571 3003 667 3080 copul
699 2987 874 3067 advixero,
908 2993 1005 3082 lnge-

245 3087 329 3160 nuili
347 3088 458 3158 ordine
478 3087 541 3160 tibi
557 3086 729 3180 seruitium
751 3087 807 3159 vel
827 3085 1005 3184 obsequium

246 3188 422 3282 impendere
440 3187 595 3264 debeone:
616 3184 665 3265 &¹
690 3215 738 3260 rue
760 3189 924 3277 devellere
947 3212 1006 3286 pr-

245 3289 355 3377 testate
392 3291 448 3361 vei
486 3291 713 3362 Mundobutdo
744 3312 876 3388 tempere
913 3293 1005 3363 vitae

246 3417 331 3464 meae
352 3392 534 3488 puteJimem
564 3417 625 3464 nun
661 3391 793 3466 babeam
811 3391 1005 3486 subtraben-

1111 656 1200 744 stoue
1224 659 1335 728 diebus
1368 659 1459 728 vitae
1493 685 1578 731 mere
1600 656 1733 730 debeam
1753 680 1881 756 permu-

1119 785 1213 832 nete.
1249 761 1369 834 Habes
1405 757 1505 840 heic,
1541 757 1626 857 quid
1661 758 1883 832 Commendati

1119 859 1271 952 luerint,
1299 861 1362 960 qui
1397 863 1431 934 δι
1468 860 1699 942 Commenditi,
1725 863 1759 935 8<
1787 869 1882 934 Com-

1118 964 1322 1054 mendatitii‚
1359 961 1535 1037 interdum
1574 963 1742 1061 appellati
1780 962 1880 1039 sunt.

1119 1064 1218 1138 Servi
1247 1065 1396 1138 minime
1430 1083 1549 1138 erunt:
1579 1083 1735 1136 attamen
1772 1063 1903 1136 servi-·

1120 1167 1211 1266 tium
1241 1165 1339 1240 suum
1376 1183 1482 1264 atque
1507 1163 1713 1264 obsequium
1752 1164 1882 1238 Domi·

1096 1295 1192 1346 no,
1239 1267 1310 1340 srve
1354 1267 1519 1349 Senium,
1562 1267 1646 1340 dum
1694 1267 1882 1356 uiuerent,

1121 1371 1279 1466 ingenuili
1298 1373 1408 1441 ordine
1425 1369 1653 1469 obligabunt.
1675 1375 1796 1468 Atque
1816 1367 1882 1440 hnc

1120 1475 1198 1544 luce
1214 1472 1354 1570 praevii
1373 1469 1482 1546 etium
1504 1473 1705 1572 intelligas,
1729 1471 1815 1571 quid
1840 1467 1882 1540 st-

1119 1571 1266 1673 gnificct
1285 1577 1436 1648 Carolus
1456 1578 1608 1674 Magnus
1628 1573 1665 1646 io
1685 1575 1781 1673 Lege
1801 1597 1884 1646 cen·

1120 1675 1238 1748 testmo
1275 1677 1370 1751 inter·
1394 1674 1678 1772 Langobardicus
1713 1679 1805 1747 Part.
1834 1677 1882 1746 ll.

1120 1781 1227 1850 Tum.
1257 1781 1283 1850 l.
1306 1782 1396 1870 ¹ller.
1434 1779 1588 1850 italicar.
1619 1776 1681 1850 ubi
1718 1776 1790 1850 uit:
1819 1787 1883 1850 Cer

1119 1880 1180 1949 teri
1204 1885 1280 1952 veri
1303 1880 1441 1950 bomines
1468 1880 1595 1960 Liberi,
1622 1878 1680 1973 qui
1702 1879 1759 1948 trel
1784 1883 1879 1949 Comss

1120 1969 1373 2062 mendaciorem,
1407 1981 1462 2051 oei
1496 1977 1690 2069 Beneficium
1725 1978 1883 2062 Ernesti-

1111 2081 1227 2168 Jlirum
1250 2079 1388 2164 babent,
1421 2080 1501 2170 licut
1518 2081 1640 2178 reliqui
1664 2080 1802 2151 hemines
1825 2077 1883 2173 iu-

1110 2182 1238 2270 Jli'tiem
1259 2183 1409 2272 lauans.
1444 2182 1548 2256 Alibi
1575 2207 1716 2280 quoque
1749 2177 1882 2280 legitur

1118 2286 1345 2355 Commendare
1361 2284 1399 2376 se
1422 2284 1541 2364 elicui,
1566 2283 1614 2364 ψ
1640 2299 1765 2356 tetrum·
1779 2284 1823 2354 ab
1846 2307 1883 2352 ee

1120 2383 1155 2457 in
1189 2384 1384 2476 Bmeficium
1410 2387 1579 2482 onipere5
1610 2385 1663 2459 ito
1699 2402 1740 2458 ut
1769 2381 1881 2458 etiem

1120 2484 1243 2568 Vesii,
1277 2513 1316 2562 oc
1355 2506 1535 2586 propterea
1566 2484 1741 2586 ingenui,
1768 2511 1882 2584 quan-

1119 2587 1233 2688 doque
1260 2591 1520 2688 appellarentur·
1544 2588 1763 2660 Commendeti
1776 2639 1787 2659 .
1818 2589 1882 2660 So·

1119 2689 1167 2764 tis
1192 2691 1262 2765 etit
1289 2691 1458 2792 Diploma
1486 2691 1699 2788 pmducem‚
1735 2713 1778 2760 eu
1806 2713 1881 2784 quo

1119 2791 1325 2892 intelliges,
1362 2817 1434 2864 non
1468 2799 1587 2864 Seruus
1619 2809 1785 2870 tontum,
1822 2789 1880 2862 sed

1118 2894 1153 2963 8c
1180 2895 1332 2974 Colonos,
1353 2894 1565 2974 Libellrrios‚
1584 2894 1810 2972 eborones,
1835 2892 1881 2960 Θ·

1118 2998 1357 3064 comendatos
1388 2995 1509 3086 eliqua
1534 2993 1743 3068 conditione
1766 2992 1881 3066 obsim

1117 3087 1199 3162 scios
1234 3087 1304 3162 siue
1339 3090 1512 3188 subjeslos
1547 3093 1649 3168 fuisse
1686 3092 1880 3192 privilegio

1117 3191 1364 3288 quaerentibus
1387 3193 1407 3264 i
1429 3192 1595 3292 Principe
1618 3193 1798 3290 supremo.
1823 3199 1879 3268 En

1115 3291 1229 3388 ipsum
1265 3293 1487 3390 depromtum
1523 3297 1542 3366 i
1573 3294 1881 3388 chartophylacio

1115 3393 1323 3470 Monostetii
1339 3392 1548 3469 Veronensts
1567 3393 1686 3470 Sanni
1705 3393 1880 3469 Zenonis.

245 3647 373 3757 Hugo
402 3641 543 3734 Italiae
583 3651 673 3732 Rex
706 3641 950 3730 Montlletio
980 3647 1196 3732 Veronensi
1235 3645 1369 3736 saeui
1408 3645 1581 3740 Zenonis
1610 3643 1749 3734 omniu
1774 3590 1882 3736 illius

317 3767 322 3774 '
587 3763 801 3877 Privilegia
831 3767 869 3850 bc
899 3763 986 3875 juta
1014 3765 1247 3876 confirmat,
1281 3770 1401 3854 Anno
1429 3781 1531 3878 926.
1786 3799 1788 3814 ⁴

812 3938 822 3970 ,
943 3945 945 3952 ,

246 3997 333 4181 ΙΝ
355 3999 480 4070 nomine
505 4002 639 4074 Domini
664 4005 731 4078 Dei
751 4003 893 4079 aeterni.
916 4011 1015 4104 Hugo

319 4101 439 4174 divina
457 4101 593 4192 fauente
615 4105 779 4178 elementia
802 4113 894 4181 Rere.
919 4111 1014 4204 ,Quin

247 4203 366 4297 regalis
384 4203 518 4298 poteslas
537 4205 761 4303 superomnia
779 4203 829 4284 ό·
849 4229 927 4304 prae
945 4237 1012 4280 om-

249 4304 342 4374 nibus
367 4305 482 4374 divino
504 4307 595 4376 debet
619 4309 721 4378 cultui
743 4303 800 4400 effe
816 4307 937 4404 semper
959 4313 1014 4382 in-

248 4425 363 4485 tenta,
390 4401 439 4484 &⁹
464 4407 672 4492 Ecclesiororu
698 4409 764 4481 Dei
781 4408 943 4501 sutrinam
967 4415 1014 4482 ii-

249 4506 356 4576 benter
380 4525 502 4596 portare
525 4537 563 4580 ac
579 4508 772 4601 sublevate,
796 4531 951 4607 quotenus
977 4513 1013 4582 id

249 4607 372 4700 egendo
404 4628 550 4682 aeternae
582 4611 840 4684 remunerationis
869 4615 1012 4709 praemia

246 4707 403 4804 percipere
435 4731 618 4784 metentur:
651 4713 765 4786 idcireo
797 4715 923 4785 noverit
947 4741 1016 4786 orn-

251 4807 342 4878 nium
356 4805 509 4898 fidelium
525 4811 660 4907 sarbiae
677 4815 743 4888 Dei
760 4814 935 4900 Ecclesiae,
957 4844 1015 4887 no·

241 4907 438 5002 flentumque
458 4911 668 5004 praesentium
695 4917 818 5006 scilicet
851 4913 900 4996 ψ’
919 4916 1014 5008 sutu-

250 5035 355 5078 rerurn
381 5009 564 5097 industria,
600 5013 834 5090 Adelbcttum
860 5015 908 5097 &¹
937 5023 1016 5092 No-

250 5109 412 5194 tkesium
448 5115 704 5210 reuerentiffimrs
737 5113 931 5220 Episcopus
958 5121 1014 5194 tr·-

1119 4005 1241 4088 ieslos,
1266 4005 1416 4099 fideles,
1442 4005 1492 4086 ῥ’
1515 4005 1722 4093 Coufiiiurius
1746 4004 1882 4092 noslros,

1118 4109 1281 4180 humiliter
1313 4111 1432 4197 nolitne
1456 4109 1640 4201 serenitatis
1664 4105 1794 4202 tuotoffe
1819 4109 1881 4178 cle·
1997 4173 2003 4184 ,

1118 4210 1291 4290 mentium,
1324 4215 1480 4306 quatenus
1502 4208 1544 4281 ob
1568 4237 1701 4282 amorem
1726 4209 1789 4282 Dei
1812 4233 1877 4278 um-

1119 4311 1316 4406 niposentis,
1350 4309 1496 4408 beatique
1518 4309 1660 4384 Zenonis
1693 4303 1881 4408 Confrssiris

1118 4409 1239 4496 Cbrisii
1261 4413 1470 4483 reverentiam
1491 4439 1593 4484 ornnes
1615 4413 1821 4510 proprietates
1843 4437 1880 4482 ut

1117 4509 1311 4609 peffeffiones
1334 4513 1526 4600 Mouelletii
1556 4513 1716 4610 praedisii
1739 4509 1878 4605 beatiffi-

1098 4623 1099 4626 ’
1119 4614 1164 4685 mi
1182 4615 1346 4696 Zenonis,
1361 4615 1419 4688 ubi
1431 4621 1550 4710 Corpus
1568 4613 1638 4706 ejus
1649 4615 1774 4707 socrum
1790 4613 1878 4708 quie-

1113 4715 1179 4808 Jsit
1199 4717 1362 4788 humetum
1372 4766 1387 4799 ,
1407 4742 1488 4812 quae
1507 4719 1552 4787 ob
1570 4711 1804 4806 antecessoribus
1822 4739 1878 4783 no-

1112 4815 1194 4904 stris
1218 4819 1461 4913 imperatoribus
1487 4815 1608 4906 scilieet
1631 4812 1680 4894 &¹
1704 4810 1876 4910 Regibus,

1120 4917 1306 5014 Episcopit,
1339 4916 1542 4997 comitibus,
1567 4917 1714 5010 bonisque
1742 4914 1878 4986 bomini·

1120 5021 1179 5090 bus
1201 5020 1368 5112 delegatae
1384 5019 1464 5108 fisos
1487 5019 1530 5088 Φ·
1553 5013 1722 5108 concessise,
1742 5039 1800 5114 per
1822 5043 1877 5087 no·

1112 5119 1202 5210 llere
1224 5119 1459 5214 :sufficentiae
1485 5139 1685 5218 prereptum
1707 5121 1878 5191 corrobora·

1706 5243 1826 5300 “illim
1851 5263 1858 5278 ²
