4592 6066
360 363 446 450 357
636 327 1124 420 urrunnrnrro
1184 323 1598 416 unnncrnn.
1796 330 1884 436 358

295 469 474 548 „mento
502 447 597 527 inter
622 447 787 524 Gdritiae
815 444 998 524 Comitem
1026 449 1061 521 dt
1101 447 1135 522 A
1228 501 1254 537 „
1281 444 1596 520 mcccxxxtx.
1618 438 1748 540 quinto
1766 437 1944 514 Calendaa

295 551 578 652 „Peregrinum
634 550 906 638 Patriarcham,
956 547 1065 624 Gori·
1178 601 1204 640 „
1229 546 1391 636 Martii,
1429 547 1620 618 Albertum
1657 545 1841 631 alterum,
1878 537 1948 614 sra-

295 655 437 747 „tiam
459 657 494 727 δι
514 651 748 753 Mospurgum
775 653 840 727 eise
868 651 984 726 Feuda
1010 653 1061 726 A.
1179 705 1205 744 „
1231 648 1370 748 tresque
1396 645 1560 722 Goritiae
1595 642 1786 734 Comites,
1822 647 1946 716 ,Διιηκ-

297 751 552 854 „quilejensrr
579 755 774 830 Ecclesiae.
1180 807 1205 844 „
1231 753 1283 840 ir,
1322 751 1504 848 Veaiiloque
1538 744 1628 818 rubei
1662 745 1789 841 albique
1814 746 1949 836 coloris,

348 911 375 950 „
401 855 977 934 MCCCLXiX.nonoCa1endas
993 859 1062 930 De·
1179 908 1205 947 n
1232 853 1326 952 quod
1348 851 1523 951 peculiare
1537 845 1653 951 gentis
1675 843 1810 944 lnbgne
1831 845 1948 942 perhi-

296 1011 324 1052 „
350 959 524 1049 cembris,
560 960 751 1034 Albertum
790 958 952 1032 Austriae
991 963 1061 1032 Du·
1180 1009 1205 1048 „
1233 948 1745 1049 bet,Gubertinuriniignitos
1758 947 1945 1022 meminit.

298 1113 325 1153 „
352 1081 428 1134 cem
456 1059 608 1136 minime
634 1059 839 1144 substitisse,
866 1059 953 1158 quin
975 1065 1062 1134 Feu·
1230 1111 1256 1150 „
1282 1059 1513 1132 MCCCLH.
1549 1051 1649 1128 sexto
1676 1048 1851 1124 Calendas
1885 1053 1947 1138 Ju-

296 1213 323 1255 „
350 1161 428 1251 dis,
463 1164 498 1234 δε
526 1160 599 1260 ipse
630 1167 859 1236 Pincernatus
896 1189 1061 1251 munere,
1179 1211 1205 1250 „
1232 1158 1309 1250 nii,
1330 1157 1544 1260 Episcopum
1565 1148 1864 1229 concordiensem
1885 1158 1946 1222 Vr·

295 1315 335 1356 „.
352 1261 505 1338 Praesuli
544 1262 576 1337 se
604 1264 855 1338 honestandum
894 1264 1060 1338 exhibue·
1178 1316 1204 1353 „
1231 1238 1309 1333 xiiio
1333 1285 1513 1358 purpureo,
1540 1256 1663 1334 idem.

294 1417 323 1458 „
348 1365 419 1456 rit,
440 1365 530 1464 apud
550 1366 746 1456 johannem
767 1365 958 1440 Gubertini
980 1362 1059 1437 scri·
1104 1359 1133 1428 Β
1229 1419 1253 1456 ,,
1282 1365 1564 1439 mcccxcvt.
1590 1356 1700 1432 tertio
1737 1354 1818 1432 idua
1845 1359 1946 1430 Mar·

294 1484 452 1568 „ptum
479 1466 551 1538 est.
1178 1519 1203 1556 „
1231 1466 1299 1558 tii,
1335 1466 1514 1540 Abbatem
1542 1458 1788 1536 saeuienti
1824 1456 1945 1532 Mosa·

347 1621 373 1658 „
400 1569 737 1644 Mcchxxvtt.
783 1569 892 1644 tertio
939 1569 1061 1640 Nonas
1178 1621 1203 1658 „
1232 1565 1369 1657 cenfis,
1411 1566 1498 1657 Ense
1533 1565 1618 1636 nudo
1653 1560 1693 1635 ad
1732 1559 1849 1634 Feuda
1884 1564 1945 1649 Jo-

295 1683 324 1760 '„
351 1667 588 1766 Septembris,
616 1669 823 1745 Pedericum
848 1669 1060 1762 Ortymbur-
1179 1722 1203 1759 „
1231 1667 1362 1742 hannes
1389 1666 1553 1742 Susanius
1583 1681 1772 1762 exceptum
1807 1687 1945 1736 memo·

297 1768 386 1868 „gi
424 1769 632 1864 Comitem,
670 1799 714 1846 ne
750 1789 806 1846 tot
841 1774 931 1847 alios
962 1770 1056 1844 Prin·
1125 1843 1130 1852 ,
1178 1825 1204 1864 ,,
1230 1788 1304 1851 rat.

297 1921 324 1961 „
351 1869 447 1971 cipes
474 1897 567 1944 nunc
594 1899 893 1966 commemorem,
931 1872 1057 1946 Castel·
1229 1929 1254 1963 „
1282 1874 1562 1948 Mcccxcvt.
1608 1866 1725 1972 pridie
1766 1863 1941 1941 Calendas

295 2023 322 2063 „
349 1970 395 2045 lis
421 1972 595 2073 Ortengi,
633 1976 788 2068 Polani,
825 1977 1059 2053 Graffenwar·
1177 2029 1203 2067 „
1230 1976 1348 2076 Maji,
1378 1974 1615 2049 Guillelmum
1643 1969 1827 2045 Comitem
1859 1971 1943 2042 Pta-

295 2123 322 2163 „
349 2071 409 2162 ti,
449 2075 617 2166 Zobelli,
655 2078 866 2178 Arispecgi,
903 2105 942 2152 ac
979 2075 1060 2150 aliis
1178 2129 1203 2167 „
1231 2077 1363 2150 tensem
1393 2079 1516 2148 Vexiiio
1535 2074 1693 2172 syndonis
1718 2072 1827 2162 rubei,
1855 2095 1943 2168 qua-

240 2235 243 2262 ,
296 2225 322 2264 ,,
350 2172 473 2263 bonis,
496 2176 692 2252 Fcudorum
711 2181 856 2262 nomine
871 2179 1059 2278 infignien·
1177 2231 1203 2268 „
1230 2179 1310 2252 dam
1328 2177 1550 2252 attestatione
1564 2175 1652 2248 meri
1673 2171 1853 2270 mix'tique
1871 2169 1943 2244 im·

295 2325 320 2364 „
347 2273 493 2348 dumse
529 2280 750 2370 procurasse,
787 2279 962 2356 Odoricus
998 2283 1055 2352 Su·
1102 2275 1134 2347 C
1178 2333 1203 2370 „
1231 2280 1348 2380 perii,
1374 2280 1469 2353 idem
1496 2297 1676 2370 receptum
1703 2272 1837 2348 tradit.
1994 2359 1999 2368 ,

293 2373 464 2468 „sanius
493 2377 634 2466 posteris
661 2381 964 2457 communicavit.
1228 2437 1253 2473 „
1282 2379 1385 2456 Unde
1421 2397 1538 2454 autem
1576 2373 1722 2450 Vaisalli
1759 2369 1940 2472 sanguinis

344 2531 369 2568 „
398 2477 564 2567 Miceris,
583 2499 702 2556 tantos
727 2484 935 2583 Principes,
963 2509 1058 2558 acce·
1177 2535 1202 2573 ,‚
1229 2482 1425 2583 judicium,
1454 2478 1625 2581 quibusve
1652 2473 1856 2578 primordiis
1883 2499 1941 2546 ac-

292 2629 319 2671 „
347 2597 410 2676 pto
437 2579 682 2679 jurejurando,
721 2585 857 2658 summo
884 2585 1056 2658 studio&
1176 2637 1202 2674 „
1229 2583 1418 2684 ceperint,
1459 2583 1634 2658 incertum
1670 2578 1808 2652 adhuc.
1842 2573 1939 2650 Illud

293 2733 319 2774 „
347 2678 441 2770 side,
483 2680 516 2756 se
557 2683 770 2760 Patriar‘his
805 2686 1054 2762 obstrinxisse:
1176 2739 1201 2776 „
1228 2685 1325 2760 enim
1356 2690 1574 2786 Imperator,
1603 2699 1846 2782 praeterquam
1873 2674 1939 2750 uni

293 2833 320 2873 „
347 2808 467 2856 eorum
510 2803 628 2858 tamen
672 2787 812 2882 aliquos
854 2815 934 2863 cum
977 2789 1057 2888 ipsis
1175 2841 1201 2879 „
1229 2786 1478 2877 Patria'rchae,
1518 2784 1661 2859 videtur
1695 2780 1855 2881 negasse,
1898 2793 1939 2852 ut

294 2883 423 2973 „acie
459 2881 666 2972 decertare,
715 2888 1059 2986 Patriarchalemque
1173 2941 1198 2978 ‚,
1225 2917 1270 2964 er
1297 2889 1447 2990 antiquo
1475 2889 1684 2988 Dipiomate
1718 2883 1757 2956 in
1785 2879 1939 2955 Patriac-

294 3033 321 3072 „
350 2979 578 3052 Prouinciam
615 2982 778 3056 caedibus
808 3008 849 3055 ac
884 2983 1059 3060 incendiis
1172 3037 1197 3074 ‚,
1225 2990 1368 3061 charum
1397 2989 1496 3063 Vitis
1521 2987 1692 3065 ostensum
1726 2984 1795 3074 est,
1829 2984 1866 3056 8<
1892 2979 1937 3056 ad

296 3133 323 3172 „
351 3077 481 3152 vastare
509 3105 579 3152 non
604 3080 793 3156 dubitasie.
823 3085 890 3156 Per
912 3083 1057 3156 traditio·
1173 3135 1197 3173 „
1225 3085 1528 3182 praescribendum
1547 3085 1938 3185 adversusAquilejen·

296 3233 323 3273 „
350 3205 420 3250 rem
450 3197 567 3252 autem
604 3185 744 3254 Tunicae
778 3179 835 3256 seu
871 3183 1060 3276 chlamydis
1101 3189 1137 3258 D
1173 3235 1198 3274 „
1225 3183 1296 3257 sem
1334 3183 1524 3256 Ecclefiam
1561 3185 1733 3284 temporis
1761 3188 1821 3256 vei
1857 3189 1937 3260 iou·

296 3333 323 3374 „
351 3281 525 3360 vassallos
552 3281 743 3358 assumebat
769 3282 811 3356 ad
840 3283 979 3385 Feuda3
1017 3286 1058 3362 ad
1174 3335 1199 3375 „
1225 3281 1357 3382 giffimi
1378 3283 1614 3384 possessionem
1644 3283 1935 3382 haudquaquam

292 3409 385 3475 „ea
412 3403 530 3456 tamen
567 3381 696 3480 dispari
732 3383 891 3478 ratione,
927 3387 1056 3484 quibus
1174 3437 1199 3477 ,‚
1226 3385 1426 3485 suppetere.
1453 3389 1553 3460 Haec
1579 3384 1680 3460 volui
1707 3384 1860 3474 dixisse,
1895 3403 1936 3459 ut

292 3537 319 3576 „
346 3510 483 3558 merum
509 3485 730 3560 &mixtum
767 3485 957 3584 imperium
994 3516 1051 3564 an·
1174 3540 1199 3578 „
1226 3485 1444 3580 Castellani,
1479 3486 1608 3585 quibus
1634 3512 1706 3562 non
1734 3484 1857 3557 Vexiiio
1882 3511 1935 3558 ru.

291 3637 319 3678 „
345 3611 475 3660 nexum
502 3585 604 3660 esset.
640 3589 725 3662 Ilios
752 3615 904 3686 namque
931 3592 1054 3663 Vecillo
1174 3641 1200 3682 „
1225 3594 1300 3678 beo,
1328 3616 1399 3664 non
1425 3592 1584 3682 Annulo,
1615 3616 1688 3664 non
1714 3586 1801 3679 Ense
1825 3584 1936 3660 inter.

293 3737 320 3776 „
346 3688 455 3758 coloris
477 3685 564 3758 rubei
578 3741 589 3776 ,
610 3685 772 3778 sanguini
794 3689 949 3765 maxime
971 3693 1059 3768 fimi·
1173 3743 1198 3784 ,‚
1225 3690 1419 3783 veniente,
1454 3692 1569 3766 Feuda
1596 3693 1640 3766 ab
1675 3688 1756 3790 ipfis
1782 3687 1935 3762 Patriae·

293 3839 321 3879 „
346 3786 416 3874 iis,
439 3785 617 3903 interdum
637 3793 926 3890 AnnuioAureo,
954 3819 1058 3890 quan·
1173 3843 1198 3884 „
1226 3792 1302 3868 chia
1331 3793 1471 3869 indulta
1506 3793 1660 3884 constat,
1695 3789 1816 3866 sedulo
1851 3817 1935 3864 con·

261 3932 264 3943 ·
293 3939 320 3980 „
347 3888 463 3986 doque
490 3886 608 3962 strumo
636 3895 815 3980 Macrone,
852 3891 898 3966 ob
926 3893 1060 3970 Feudo.
1172 3945 1197 3986 „
1225 3894 1393 3996 quirunt,
1412 3897 1456 3969 ,δι
1482 3895 1521 3970 in
1547 3911 1726 3971 conventu
1752 3892 1935 3984 traiient,

293 4040 321 4082 „
347 4015 426 4066 rum
454 3990 705 4066 excellentiam
734 3993 965 4070 adsciscebat.
1171 4047 1198 4088 „
1224 4023 1332 4096 quum
1361 4009 1489 4072 coeunt
1508 4023 1591 4073 cum
1617 3992 1793 4086 Praefide,
1820 3993 1863 4068 de
1882 3992 1933 4066 sa.

1171 4149 1197 4187 ,‚
1223 4101 1299 4172 iute
1320 4095 1557 4198 Reipublicae
1582 4095 1805 4186 consulturi,
1840 4110 1881 4168 ut
1907 4093 1932 4168 st

1171 4199 1196 4287 ,ᾖ
1224 4197 1337 4274 forsan
1359 4197 1449 4296 apud
1469 4203 1634 4299 Senatum
1659 4200 1840 4292 inclytum
1860 4221 1933 4270 me·

823 4361 826 4388 .
1171 4300 1255 4391 „ri
1283 4301 1462 4398 mixtique
1497 4327 1617 4378 eorum
1652 4296 1797 4402 imperii
1822 4297 1933 4372 ratio·

330 4435 372 4486 ·„
397 4397 554 4472 MCCC.
580 4415 707 4494 quarto
745 4401 868 4474 Nonas
894 4399 1056 4498 Aprilis,
1172 4453 1198 4494 ,‚
1225 4429 1306 4478 nem
1333 4401 1475 4478 reddere
1510 4419 1704 4506 cogentur,
1739 4398 1779 4478 iu
1814 4426 1934 4500 prom·

291 4549 320 4590 ‚,
345 4497 536 4615 Aibettum
586 4498 816 4574 Goritianum
871 4503 1054 4580 Comitem
1171 4555 1197 4595 n
1224 4523 1286 4600 ptu
1328 4503 1480 4580 habeant
1519 4503 1761 4596 documenta,
1804 4501 1933 4602 quibu·

293 4652 320 4692 „
349 4598 478 4716 Feudrs
517 4601 537 4672 i
578 4600 781 4675 Patriarcba
821 4601 1054 4698 adornatum,
1170 4657 1196 4696 ,‚
1222 4605 1318 4682 scum
1345 4606 1437 4684 iliud
1463 4605 1525 4682 fibi
1552 4607 1644 4683 tueri
1670 4617 1821 4707 queant.
1859 4607 1933 4680 Ne·

291 4753 317 4792 „
345 4724 406 4796 qur
434 4716 562 4798 quarto
589 4699 661 4798 post
696 4729 789 4778 anno
816 4705 950 4780 Lonzii
971 4726 1052 4781 ‘mo-
1170 4735 1284 4798 „mo
1318 4709 1414 4784 enim
1451 4709 1511 4783 vir
1548 4711 1660 4784 bonus
1694 4733 1767 4782 nou
1801 4721 1930 4802 optat,

294 4147 300 4159 '
338 4147 414 4236 ⁸Quo
431 4139 526 4240 stgno
551 4167 667 4214 merum
694 4145 738 4216 ti·
761 4145 893 4220 mixtum
919 4147 1015 4246 impe·
1095 4150 1124 4220 E

507 4243 590 4316 rium
616 4251 845 4321 concederetur.

292 4853 318 4894 „
342 4797 438 4874 rienr
467 4801 607 4877 Rosacii
635 4801 705 4878 suit
734 4801 910 4904 sepultus,
948 4809 1052 4880 Vexil·
1171 4861 1196 4900 „
1222 4810 1313 4885 iilud
1340 4809 1521 4886 incolume
1547 4811 1597 4886 eir
1633 4809 1784 4898 servari,
1819 4829 1931 4902 quum
2086 4879 2091 4890 .

291 4955 318 4994 „
345 4900 389 5020 iis
431 4905 593 4976 duodecim
631 4903 671 4978 in
711 4905 792 4980 auu
832 4907 1054 4984 assumtionis
1169 4963 1196 5002 ,‚
1223 4938 1266 4986 ex
1308 4909 1483 4988 seniorum
1524 4910 1727 5000 memoria,
1773 4903 1930 5002 abiisque

292 5053 318 5095 ‚‚
346 5004 689 5098 intervenientibus,
716 5005 922 5092 franciscus
941 5009 1020 5089 Nas
1040 5055 1052 5075 ·
1170 5065 1196 5104 „
1222 5011 1375 5114 publicio
1401 5011 1652 5106 didicerimus,
1687 5009 1777 5086 meri
1803 5003 1932 5084 mixti·

292 5153 320 5198 „
345 5122 402 5181 tur
429 5123 709 5186 commemorat.
1074 5051 1084 5202 i
1757 5159 1786 5206 n
1812 5133 1881 5210 ‘iu‘
