4536 6064
370 491 375 498 .
471 413 560 536 roy
772 405 1696 528 Aurrourrnnnrrssrr
1910 422 1996 506 sss

411 540 619 634 „ideoque
646 535 711 634 ego
738 532 944 632 Frederigus
970 534 1039 604 Dei
1064 528 1180 628 grat-ii
1205 534 1253 608 'A
1293 527 1342 601 ris
1363 526 1501 618 Servis,
1525 527 1677 604 ediscere
1698 523 1875 626 posumus
1894 555 1937 606 er
1956 537 2056 608 Con.

410 685 438 726 ,‚
463 637 575 730 Judex
601 633 799 709 ordinarius
836 631 986 706 Domini
1024 635 1177 728 Impera·
1292 627 1537 704 llltutinnibus
1567 629 1682 704 nosris
1706 629 2056 724 Gnidontsmpiteo·

410 785 437 826 ,‚
464 739 552 812 toris
579 734 785 834 Frederigi,
812 759 856 808 eir
892 733 1060 806 mandato
1101 759 1175 830 pre·
1293 729 1330 832 pi
1356 730 1600 823 tertonensis,
1622 735 1730 806 Anno
1757 733 2053 807 mcccxxxtt.

409 887 435 928 ,‚
462 839 637 914 dislorum
667 835 862 912 Consulum
889 837 924 908 8(
945 832 1173 910 Consiliario·
1292 833 1547 934 promulgatis,
1571 835 1631 908 ubi
1652 831 1825 907 sancitum
1846 832 1914 926 ell,
1939 855 1978 910 ut
1996 844 2055 906 Or-

407 988 434 1030 „
461 965 562 1028 rum,
589 938 720 1013 auditis
755 935 1026 1011 confessionibus
1052 938 1087 1009 nr
1123 939 1172 1010 al·
1289 933 1382 1006 dines
1406 941 1517 1008 Sacros
1551 937 1660 1020 sullas
1687 936 1911 1028 simoniacas,
1946 938 2053 1008 sallus
2090 995 2095 1003 .

407 1041 700 1140 „legationibus
731 1031 910 1137 utriusque
941 1037 1076 1140 partis,
1113 1064 1171 1112 au·
1288 1041 1430 1126 servus,
1468 1039 1576 1108 sullus
1600 1039 1837 1133 ascriptitios,
1873 1037 1930 1136 qui
1954 1040 2052 1135 vulga

406 1191 433 1232 „
459 1143 534 1215 dltb
555 1141 666 1216 etiam
687 1139 897 1214 conseffione
921 1138 1070 1240 predisli
1091 1145 1171 1214 Fer·
1287 1133 1408 1210 dicitur
1433 1144 1637 1235 Msyrerte,
1665 1137 1738 1225 star
1762 1138 1891 1212 lieentia
1918 1140 2052 1213 morini

405 1295 431 1335 „
458 1235 569 1334 erili,
585 1242 737 1318 dicentis
756 1240 789 1315 se
807 1239 1071 1318 Canonicorum
1094 1247 1169 1316 Ho-
1281 1237 1337 1330 ssi
1362 1240 1497 1338 adipisci
1522 1243 1653 1314 valeas.
1686 1238 1816 1314 Viden’
1843 1263 1883 1314 ur
1908 1247 2051 1314 Mares·

405 1395 431 1435 „
458 1347 591 1420 minem
616 1345 659 1418 de
682 1368 802 1418 eorum
830 1343 979 1444 podere,
1003 1343 1097 1441 quod
1125 1345 1169 1417 ab
1220 1434 1226 1444 ·
1288 1359 1333 1410 tss
1356 1343 1391 1414 &
1415 1342 1606 1438 ⁹{scriptorii
1628 1340 1723 1416 idem
1745 1339 1885 1429 sorent,
1910 1369 1950 1416 ac
1971 1367 2048 1440 pro·

405 1497 430 1536 „
457 1446 508 1520 eis
535 1447 702 1538 tenebat,
729 1443 826 1518 soret
860 1443 1001 1518 testibus
1028 1441 1168 1538 insuper
1218 1451 1248 1522 B
1287 1439 1371 1514 inde
1399 1443 1518 1538 aliqui
1553 1442 1690 1516 servilis
1719 1443 1937 1516 conditionis
1963 1443 2048 1518 noti

403 1595 438 1638 ‚,-
457 1547 500 1622 ab
529 1566 677 1648 utraque
712 1561 810 1646 parte
844 1543 1057 1620 introduslis
1083 1545 1166 1619 dili·
1245 1543 1250 1550 “
1287 1537 1528 1637 signarentur?
1555 1547 1728 1618 Attamen
1755 1569 1863 1642 quum
1890 1545 1910 1618 b
1935 1545 2048 1618 Seruis

1284 1641 1365 1740 ipsis
1400 1663 1518 1743 aperte
1555 1644 1845 1746 distinguantur,
1883 1645 1937 1720 nil
1977 1645 2047 1720 nai·

1284 1769 1392 1846 rum,
1427 1744 1451 1818 sr
1481 1745 1572 1847 apud
1599 1747 1766 1846 quosdam
1796 1774 1840 1821 ex
1868 1747 2044 1822 veteribus

1282 1841 1445 1922 invenias
1471 1866 1548 1922 turn
1575 1875 1655 1938 eos,
1683 1870 1760 1924 tum
1788 1847 2043 1944 Adscriptitios

1280 1945 1465 2020 Liberorum
1483 1951 1648 2050 catalogo
1665 1950 1823 2024 additos.
1849 1950 1965 2024 Medii
1989 1977 2044 2024 er.

1279 2071 1325 2145 go
1351 2046 1446 2123 suere
1471 2049 1715 2124 incer-Servos
1739 2053 1776 2124 dr
1803 2048 1974 2142 Liberos,
2000 2075 2044 2126 u·

1279 2146 1435 2248 triusque
1470 2151 1641 2225 nimirum
1678 2151 1896 2226 conditionis
1931 2149 2042 2252 parti·

1279 2248 1394 2348 cipes:
1425 2271 1550 2358 utpote
1576 2253 1641 2350 qui
1665 2251 2039 2338 Manumiffione‘non

403 1665 430 1739 ,',
456 1667 578 1750 genter
603 1647 845 1747 examinatis3
881 1649 915 1720 δι
943 1667 1062 1720 utrum
1089 1673 1164 1738 pre·

403 1751 571 1840 „dietus
607 1749 787 1824 Ferreslus
818 1747 1024 1822 Allorlerius
1059 1747 1164 1838 essct,

350 1869 352 1872 ’
402 1881 428 1942 5,
454 1856 513 1927 vel
540 1879 634 1926 non:
663 1851 732 1926 lide
756 1847 831 1924 aeri
857 1849 1023 1948 cognita,
1050 1848 1164 1946 predi.

404 2006 429 2044 „
456 1956 552 2030 ilum
581 1951 808 2042 Ferrestum,
845 1977 943 2024 more
978 1949 1080 2048 hujus
1112 1977 1162 2024 re·

404 2107 429 2148 '⁹
455 2054 599 2231 prpe,
633 2052 1016 2228 dissiliit?
1046 2049 1165 2228 {fili}

385 2209 431 2351 3
456 2179 705 2335 teanillieerlllrmp
733 2209 996 2330 Canon’icorum
1018 2177 1045 2344 ,p
1068 2179 1164 2352 qlrod

405 2415 429 2454 „
456 2359 660 2462 longillirno
680 2375 841 2458 tempore
863 2382 926 2456 pro
944 2381 1066 2430 eorum
1086 2359 1165 2430 tto·
1209 2357 1242 2429 C
1277 2349 1510 2452 indigebant,
1538 2373 1579 2428 ut
1605 2354 1827 2430 Libertatem
1854 2353 2040 2452 conseque-

384 2469 430 2562 '„
456 2463 553 2538 mine
587 2460 729 2552 tenuit,
764 2462 799 2533 ἃ
836 2458 1067 2558 longinquam
1094 2461 1163 2532 Ca·

404 2621 429 2661 „
455 2565 664 2643 noricorum
690 2561 961 2652 detentionem,
995 2563 1031 2632 δι
1058 2556 1165 2634 serui.

404 2723 429 2764 „
456 2667 616 2754 tiorum,
651 2691 719 2762 que
747 2662 886 2746 Villani
915 2657 1083 2734 Dominis
1111 2659 1164 2734 so-

403 2769 516 2864 „liti
551 2766 630 2841 sunt
661 2765 801 2854 secere,
836 2763 1020 2859 antiquam
1049 2789 1162 2861 perce·

403 2925 427 2964 „
455 2870 638 2968 ptionem:
676 2865 863 2937 Villanum
890 2862 1067 2936 dislorum
1095 2867 1161 2938 Ca·

401 3025 426 3065 ‚,
454 2968 663 3042 nonicorum
690 2966 726 3038 δι
761 2963 1087 3048 ηοιι,Α11οἀετὶυηι
1114 2963 1161 3042 es·

400 3127 425 3165 „
454 3061 487 3142 se
526 3064 783 3164 pronumptio,
821 3066 855 3138 &
891 3061 935 3138 src
973 3064 1086 3167 ipsum
1124 3065 1162 3142 in

400 3227 425 3266 „
454 3167 602 3271 predissi
644 3166 833 3242 Presbiteri
874 3167 985 3242 Benzi
1026 3167 1161 3242 Sindici

1271 2473 1424 2547 rentur,
1456 2454 1516 2530 sed
1552 2457 1801 2530 tantummode
1828 2455 1931 2530 venii
1967 2460 2038 2530 Do·

1275 2553 1396 2648 mini,
1432 2557 1494 2656 qui
1520 2557 1779 2656 obligationem
1807 2557 1850 2630 ab
1876 2557 1928 2631 eis
1954 2581 2038 2630 con·

1276 2655 1423 2732 traslam
1459 2659 1689 2733 dissolveret.
1729 2657 1913 2756 Quicquid
1951 2663 2035 2732 verb

1273 2756 1491 2832 fortunarum
1519 2756 1582 2834 fibi
1619 2783 1819 2856 comparare
1856 2757 1939 2853 juste
1971 2782 2036 2856 po·

1263 2876 1409 2950 terant,
1437 2859 1475 2932 in
1502 2884 1624 2932 eorum
1653 2861 1726 2958 jure
1752 2857 1845 2932 suit.
1884 2859 2034 2935 Differe-

1273 2960 1358 3034 bant
1384 2961 1427 3036 ab
1453 2961 1600 3048 ondita
1626 2985 1708 3032 nam
1735 2959 1840 3034 Aldii
1868 2961 2034 3036 Liberto-¹

1272 3069 1350 3136 rum
1366 3088 1474 3162 genus
1488 3059 1604 3136 luere:
1624 3065 1796 3134 Martenses
1810 3081 1929 3136 autem
1945 3088 2033 3136 nun·

1271 3187 1376 3262 quarn
1408 3187 1525 3237 veram
1562 3161 1776 3242 servitutem
1814 3161 2030 3237 servierunt.

399 3329 425 3368 ‚‚
453 3268 696 3372 petitionibus·
723 3269 971 3369 condempn03
1008 3271 1043 3341 δε
1080 3295 1160 3342 curn
1203 3273 1236 3344 D
1270 3263 1413 3338 Similes
1437 3263 1555 3362 potius
1580 3263 1675 3337 dicas
1699 3265 1808 3356 Liris,
1833 3262 1890 3338 seu
1914 3266 2029 3356 Isidis,

398 3431 424 3471 „
450 3372 651 3475 voluntarie
660 3425 757 3447 .....
793 3373 827 3443 ἃ
856 3369 986 3446 citatus
1014 3368 1056 3445 ad
1087 3370 1159 3444 sen·

397 3475 599 3571 „tentiam
637 3472 846 3548 audiendam
883 3473 1006 3548 venire
1046 3473 1158 3548 detra·

397 3633 422 3674 „
447 3577 593 3666 blaiset,
628 3574 666 3651 in
693 3601 774 3650 eum
801 3585 983 3673 tamquam
1010 3573 1048 3648 in
1075 3601 1158 3648 con·

397 3735 422 3775 „
449 3700 624 3756 tamarem
653 3675 861 3750 sententiam
892 3675 992 3749 sero.¹

447 3835 472 3873 ‚,
500 3775 592 3852 Data
619 3777 716 3862 Senis
744 3778 834 3896 apud
862 3777 1028 3850 Sanslum
1057 3782 1155 3854 Pere-

395 3937 421 3976 „
445 3880 587 3981 grinum
615 3879 653 3952 in
689 3883 799 3954 Curta
836 3877 1032 3951 Senensrum
1060 3883 1156 3952 Coo.

394 4039 423 4077 „¹
448 3985 583 4071 sulum,
620 3979 776 4080 presente
809 3982 940 4071 Jacobo
973 3977 1155 4070 Consule,

382 4117 418 4182 ·„
445 4083 652 4185 beringario
688 4082 913 4184 Paga'nucci,
949 4081 1152 4180 Portas-rign

392 4243 417 4279 „
445 4186 615 4261 Adolartll
632 4185 844 4286 ,Atttet'lgo
861 4183 981 4258 Guldi
1007 4183 1152 4276 Marini,
1191 4183 1221 4252 E

390 4335 416 4382 „
441 4289 725 4370 Cacciamonacn
743 4284 1003 4407 Acrattapani,
1025 4287 1153 4362 Rasna·

390 4395 416 4486 j,
441 4387 499 4460 rio
514 4388 741 4486 bonfignnri,
756 4393 939 4464 Ranuccro
953 4388 1151 4476 Tarlre‚&

390 4499 415 4583 3,
444 4485 611 4562 {rainerio
631 4489 774 4560 Rinnldl
787 4543 796 4575 ,
811 4493 846 4560 dt
866 4483 948 4564 aliis
965 4491 1152 4592 quamplu-

391 4647 415 4686 „
440 4587 559 4679 ribus,
575 4591 685 4660 Anno
702 4589 851 4660 Domini
868 4585 1150 4664 mccxxttttt

390 4748 414 4788 „
441 4693 561 4767 ldibns
588 4686 828 4778 Novembris,
855 4689 1056 4762 Indisiione
1084 4688 1130 4766 ll.

437 4801 612 4868 Marmara
628 4811 745 4868 autem
763 4789 912 4867 Liberos
926 4789 1070 4888 quidem
1086 4790 1148 4864 lto·

388 4900 526 4990 mines,
561 4895 617 4971 sed
647 4919 718 4972 non
748 4889 884 4994 prossus
911 4891 930 4964 l
960 4895 1148 4970 Servorum

387 4998 477 5075 fdrte
510 4997 669 5074 exclusos
704 4996 831 5088 luisse,
859 5018 1073 5094 quamquam
1108 5021 1149 5070 aa

387 5094 543 5176 Seruitus
567 5122 733 5203 perquam
758 5098 849 5184 levis
869 5096 960 5172 soret
983 5120 1066 5200 prae
1087 5121 1147 5180 ue·

1268 3391 1308 3440 ac
1335 3367 1533 3458 fiscalinis,
1569 3365 1658 3465 apud
1688 3371 1838 3439 Francos
1864 3365 1953 3462 olim
1980 3363 2030 3440 sa·

1268 3467 1491 3542 miliaribus}
1511 3491 1661 3565 quorum
1682 3465 1729 3540 esi
1746 3458 1881 3542 mentio
1901 3465 1939 3540 in
1958 3471 2031 3543 rbe-

1266 3569 1368 3667 gibus
1394 3567 1730 3668 Langobardorum,
1754 3571 1789 3642 &
1817 3569 1855 3642 in
1880 3568 2027 3662 Capitu-
2148 3587 2158 3602 ·

1266 3667 1397 3744 laribus
1436 3673 1572 3743 Reum
1608 3673 1845 3760 Francorum,
1880 3670 1923 3743 de
1948 3669 2027 3770 qui-

1268 3773 1330 3844 bus
1357 3769 1449 3849 mihi
1486 3695 1598 3846 sermo
1634 3769 1703 3844 erit
1737 3772 1775 3845 in
1806 3769 2025 3869 subsequenti

1268 3872 1539 3948 Dissertatione.
1561 3873 1729 3945 Allsdrrii
1750 3873 1788 3947 in
1813 3874 1946 3948 Charta
1969 3877 2028 3946 Se·

1266 3973 1359 4048 nensi
1387 4001 1496 4075 nuper
1531 3973 1741 4066 memorati,
1778 3973 1839 4047 nis
1860 4001 1935 4057 ‚nos
1962 3999 2025 4048 no·

1266 4101 1346 4150 men
1382 4075 1506 4168 sallit,
1542 4075 1572 4149 ii
1606 4074 1706 4150 surlse
1741 4075 1928 4167 videntur,
1961 4074 2023 4174 qui

1262 4179 1399 4252 missis·
1415 4181 1450 4252 dr
1472 4175 1705 4276 proprietatis
1716 4176 1859 4266 titulo,¹
1874 4203 1946 4249 non
1964 4203 2024 4250 au-

1263 4298 1335 4354 tem
1374 4276 1650 4379 Emphpteusro,
1692 4279 1833 4369 Feurll,
1873 4283 2025 4352 manes·

1262 4381 1335 4456 tiae
1353 4379 1422 4456 nc.
1448 4379 1628 4480 praedium
1649 4382 1693 4454 ab
1712 4381 1833 4480 aliquo
1857 4379 1920 4454 fibi
1939 4405 2023 4452 eon·

1260 4481 1476 4581 qulfierant:
1516 4480 1585 4555 hoc
1610 4499 1728 4556 tamen
1756 4481 1868 4555 adbuc
1899 4479 2022 4554 Domi·

1259 4607 1336 4677 no,
1365 4582 1430 4682 qui
1457 4581 1548 4657 illud
1574 4583 1672 4657 dedit
1697 4583 1818 4682 aliqua
1844 4583 2022 4657 conditio·

1257 4713 1302 4761 ne
1328 4683 1526 4760 obnoxium
1563 4703 1661 4762 erat.
1698 4684 1792 4759 Vide
1827 4711 1917 4784 quae
1947 4688 2021 4758 Du·

1255 4785 1415 4888 Congius
1443 4786 1549 4861 babet
1583 4785 1777 4861 advocent
1804 4787 2019 4861 maisou.

1256 4889 1416 4972 Proinde,
1429 4894 1601 4961 Maesm
1617 4891 1655 4962 dr
1673 4897 1790 4964 sewu
1808 4885 2023 4963 confirman-

1254 4989 1317 5064 dos
1348 4989 1412 5065 sabi
1446 4991 1539 5066 olim
1574 4991 1621 5066 ab
1651 4991 1924 5089 imperatoribus
1958 5015 2020 5062 cu·

1252 5092 1379 5166 rabant
1412 5119 1538 5170 amru
1564 5092 1717 5174 Domim
1751 5089 1809 5169 sou
1847 5089 2020 5266 l’atroqti,

1925 5211 1949 5267 u
