4550 6072
339 377 421 499 ,ις
640 373 1008 528 aitsaiiacia
1049 372 1547 494 aoniiaatainne
1769 386 1854 488 aa

344 643 540 737 Ludouicl
571 645 631 736 Pil
662 646 830 766 Augusti
861 653 1138 764 Praeceptum,
1169 671 1237 764 pei
1266 641 1372 764 quod
1407 638 1622 730 Mutinensi
1653 633 1848 767 Episcopo
1909 655 1913 664 ’

471 765 688 872 Deuldedic
713 767 850 860 omnia
881 769 984 860 baua
1014 790 1059 850 ac
1088 761 1173 877 jura
1203 763 1435 874 confirmat,
1464 769 1588 850 Anao
1619 765 1720 852 822.

274 999 363 1184 IN
385 999 508 1076 nomine
533 1003 667 1078 Domini
695 999 1041 1092 milistatonensis
1077 1002 1111 1074 A
1148 1001 1299 1092 butum,
1324 999 1383 1074 vel
1412 995 1647 1090 succidiales,
1674 1011 1781 1094 atque
1807 1017 1912 1092 angae

350 1103 444 1192 neslri
461 1109 493 1196 J
493 1104 544 1198 esu
569 1106 712 1194 Chrisli.
735 1106 932 1178 Htadovieut
947 1105 1036 1176 ‹livi-

276 1206 322 1275 nil
348 1205 516 1278 ordinante
536 1208 747 1304 providentiis
765 1211 938 1303 Imperator
962 1213 1034 1279 Aa·

272 1304 408 1402 gustas.
443 1311 470 1378 S
471 1307 484 1376 i
518 1309 727 1404 petitionibus
765 1313 968 1382 saceraotem
1002 1335 1039 1380 at

268 1405 434 1498 servotum
461 1409 545 1500 Dei,
571 1411 683 1482 divini
707 1411 810 1482 cultus
834 1435 959 1498 amore,
979 1435 1035 1480 au-

275 1532 341 1580 rern
366 1511 620 1602 accomodamnt,
648 1512 684 1584 id
702 1539 764 1584 non
783 1509 889 1603 sallem
906 1512 951 1584 ad
966 1510 1030 1598 sla·

275 1609 437 1682 bilitatem
463 1612 574 1708 Regni
599 1613 715 1704 masiti,
741 1615 853 1691 veriam
871 1611 968 1694 etiam
993 1615 1038 1686 ad

275 1729 404 1784 anema
424 1713 570 1809 praemia
589 1714 723 1806 saciliar
740 1714 941 1811 adsequenda
960 1714 1035 1810 ¹plu·

1149 1101 1246 1192 tias,
1272 1127 1358 1202 quat
1383 1099 1485 1174 Servi
1503 1097 1666 1201 ejusdem
1694 1093 1813 1172 siniti
1840 1100 1912 1170 Gt·

1149 1202 1302 1278 miniani
1329 1201 1372 1276 ad
1411 1200 1525 1300 ipsum
1562 1199 1723 1276 Casaleni
1750 1198 1919 1280 liborii..

1148 1303 1233 1380 dum
1260 1307 1295 1378 δι
1314 1303 1549 1380 excolendum
1569 1301 1766 1380 habueruut
1782 1353 1792 1373 .
1811 1298 1913 1385 sinte

1148 1407 1223 1479 liter
1248 1406 1297 1486 &⁹
1321 1415 1547 1502 Praeceptum,
1582 1407 1666 1502 quod
1693 1403 1772 1494 sicit
1805 1399 1914 1481 Liutq

1150 1507 1300 1609 piandus
1326 1513 1402 1583 Rex
1437 1509 1482 1581 ad
1500 1504 1775 1602 suprascriptam,
1803 1504 1914 1586 Eccle-

1141 1609 1227 1695 siam
1252 1611 1296 1686 de
1321 1607 1438 1686 Servis
1464 1609 1499 1684 ἃ
1527 1607 1746 1684 Aldioiiibus
1788 1603 1831 1690 ad
1857 1605 1912 1706 jus

1147 1710 1321 1791 Ecclesiae
1347 1708 1468 1790 Sansli
1495 1707 1703 1790 Geminiani
1731 1706 1913 1807 pertinen·

274 1809 391 1884 timum
413 1813 570 1910 pertinere
595 1813 804 1908 confidimus.
841 1815 958 1890 idcirco
983 1842 1036 1892 na·
1147 1812 1267 1906 tibus,
1292 1815 1328 1887 &
1355 1813 1394 1888 iii
1421 1811 1492 1888 linc
1533 1809 1698 1888 salestina
1733 1805 1914 1892 residentia

274 1930 343 1982 tam
360 1911 441 2006 fieri
457 1915 605 1988 volumus
621 1918 764 1997 annilius
780 1916 939 2010 fidelibus
957 1918 1034 2009 san·
1077 1905 1107 1975 Β
1148 1913 1211 1988 hus
1237 1914 1276 1990 iii
1305 1915 1439 2004 Villis,
1463 1937 1612 2010 quarum
1633 1909 1804 1993 uocabula
1831 1907 1911 1986 lusit

181 2056 184 2062 ·
274 2009 346 2086 ttae
372 2016 437 2088 Dei
462 2016 618 2102 Ecclefiae
642 2045 679 2093 ac
703 2019 841 2108 asinis,
863 2017 1034 2114 praesenti·

275 2113 333 2188 bus
352 2114 545 2206 scilieet&
564 2118 709 2211 suturis,
736 2120 876 2216 qualiter
899 2120 955 2193 vir
979 2147 1034 2192 vt·

274 2215 428 2286 natabilis
448 2214 639 2292 Desisdedit
657 2219 831 2306 Ecclesiae
849 2219 1035 2296 Mutinen-

272 2309 316 2388 fit
341 2313 556 2418 Episcopus,
595 2321 673 2418 quia
703 2343 761 2420 pra
790 2321 949 2416 fineEute
987 2321 1036 2403 ἐφ’

272 2411 464 2508 infirmitate
488 2422 622 2515 torporis
645 2424 691 2510 ad
709 2449 765 2497 nat
781 2425 949 2522 pervenire
971 2453 1034 2502 uon

267 2535 393 2614 poterat
402 2574 414 2611 ‚
423 2519 510 2606 mifit
518 2523 674 2618 quendam
688 2527 908 2621 Presbyterum
914 2525 1033 2620 suum,

272 2618 396 2692 nomine
437 2622 695 2716 Wllibianum,
726 2647 785 2722 per
817 2652 909 2726 meaa
940 2631 1031 2702 nobis

265 2718 421 2818 suggeffit
443 2728 579 2818 petendo
602 2727 643 2798 ale
667 2729 758 2802 sebur
782 2731 829 2802 aas
860 2729 1033 2826 Ecclesiam

1146 2013 1423 2107 Galaniticum‚
1465 2014 1655 2098 Gabellurii
1690 2009 1911 2102 Castellum,

1146 2141 1227 2190 cuin
1254 2114 1324 2195 suis
1351 2113 1535 2218 piscariis,
1561 2113 1657 2215 quocl
1684 2111 1754 2188 suit
1780 2111 1824 2187 ali
1850 2138 1913 2188 aii·

1148 2215 1252 2316 tiqua
1286 2233 1447 2318 tempore
1481 2217 1594 2292 Maffa
1631 2213 1751 2291 Sausii
1786 2213 1912 2288 Genii·
1959 2269 1964 2282 .

1146 2317 1267 2394 nisui:
1288 2318 1385 2416 super
1402 2319 1516 2416 quibus
1540 2321 1584 2406 est
1601 2323 1804 2412 Praeceptum
1824 2317 1912 2388 Rat-

1146 2417 1209 2522 gifi
1236 2418 1345 2520 Regis
1380 2419 1470 2496 uobis
1503 2418 1672 2512 assensum.
1699 2414 1761 2503 Esl
1790 2413 1912 2502 simili·

1148 2543 1199 2594 rer
1224 2521 1272 2604 (a
1299 2519 1491 2619 Desideiii:
1521 2547 1575 2592 naa
1600 2546 1661 2594 nan
1696 2514 1744 2598 ti
1778 2523 1910 2590 Praete.

1145 2643 1238 2720 ptum
1263 2617 1500 2724 Hildepraiidi
1522 2620 1650 2721 Regis,
1669 2619 1751 2718 quad
1769 2618 1848 2711 sealt
1864 2619 1911 2694 aul

1149 2723 1319 2809 Ecclesiam
1344 2722 1462 2798 Sarisli
1486 2723 1672 2806 Geminiani
1704 2742 1832 2819 propter
1853 2741 1910 2815 pe.

247 2819 362 2910 ‘suam
385 2824 642 2917 pertinentibus,
668 2853 747 2922 quas
772 2839 879 2924 Reges
903 2839 1031 2928 Lange.
1070 2809 1103 2882 C
1147 2825 1290 2898 titionem
1315 2823 1460 2916 Joaunit
1495 2821 1663 2924 Episcopi
1697 2827 1736 2896 tle
1770 2819 1911 2908 Ecclesia

272 2920 441 2990 lardarum
473 2941 599 3018 propter
637 2951 771 2996 amarem
805 2927 853 3004 (φ
892 2932 1032 3002 timorem

273 3017 341 3091 Dei
366 3015 414 3098 &¹
440 3021 575 3093 Domini
599 3025 695 3111 naslri
710 3026 795 3118 Jesu
816 3025 958 3119 Christi,
984 3027 1032 3107 (P

274 3115 393 3190 Sanlli
412 3122 599 3195 Geminiani
619 3122 804 3220 Consrssarit
820 3125 915 3222 ejus,
933 3129 1033 3202 eidem

273 3220 431 3306 Ecclesiae
454 3225 511 3296 uel
544 3227 765 3317 donaverunt,
790 3229 846 3300 vel
879 3231 923 3302 ab
955 3231 1039 3312 aliis¹

272 3325 370 3396 alatas
407 3323 697 3418 consternaverunt,
733 3347 771 3400 ut
811 3329 961 3426 inspesils
985 3358 1032 3407 ea·

273 3427 415 3495 eumdem
440 3432 567 3524 Regum
591 3429 771 3522 Praeceptis
797 3428 845 3510 &⁴
870 3431 1032 3524 confirma·

272 3525 435 3617 tionibus,
470 3528 591 3621 easdein
617 3555 666 3600 res
684 3527 758 3613 Jive
778 3527 967 3626 passeffionet
991 3538 1036 3608 ad

254 3628 413 3700 eandm
456 3629 627 3714 Ecclesiam
666 3627 786 3718 naslrae
832 3631 1035 3708 audacitatis

1148 2925 1265 3004 tante·
1290 2928 1381 3003 l’etri
1406 2928 1494 3000 intra
1519 2951 1622 3000 murat
1646 2924 1808 2998 Civitatis
1845 2929 1911 2996 Ge·

1147 3025 1341 3116 minimae,
1383 3051 1463 3122 quae
1503 3055 1586 3102 nune
1617 3031 1717 3100 Noua
1748 3045 1908 3116 vocatur,

1147 3150 1216 3196 eum
1253 3126 1396 3200 amnibus
1432 3127 1523 3198 rebus
1556 3149 1651 3222 atque
1688 3125 1909 3223 appendiciis,

1146 3249 1225 3322 qnae
1249 3227 1295 3313 as
1319 3219 1420 3320 ipsam
1446 3224 1619 3309 Ecclesiam
1639 3228 1824 3322 pertinent,
1852 3228 1908 3298 vel

1146 3327 1230 3422 quod
1254 3323 1302 3408 ihs
1322 3323 1615 3423 snsiearlpufitum
1634 3325 1754 3418 suerit.
1779 3327 1910 3398 Simili.

1146 3447 1195 3498 ter
1219 3423 1267 3506 &
1281 3427 1519 3524 donationem,
1545 3451 1639 3524 quam
1659 3427 1737 3518 sctit
1757 3425 1834 3522 piae
1859 3451 1909 3496 re.
2006 3457 2013 3466 ·

1146 3529 1337 3602 cordatimsit
1379 3535 1522 3602 Damnat
1561 3530 1605 3602 Φ·
1643 3527 1775 3599 Genitor
1809 3527 1909 3615 naslei·

1145 3632 1297 3705 Karalus
1342 3631 1539 3731 Imperator
1575 3633 1616 3702 de
1662 3628 1772 3702 Plebs·
1790 3625 1909 3702 Saalii

273 3735 443 3848 Praecepfa
467 3729 737 3822 confirmaremur.
771 3733 874 3828 Cusus
904 3737 1034 3831 petitia·
1074 3741 1108 3810 D
1146 3731 1310 3822 Thamar,
1335 3751 1416 3830 quac
1453 3729 1498 3821 esl
1526 3731 1630 3829 pcfit‘a
1655 3729 1692 3802 in
1725 3731 1908 3809 Ganduceto

274 3830 339 3919 ni,
364 3855 441 3926 quia
460 3829 562 3926 juxta
587 3830 635 3912 (μ’
660 3837 783 3906 ratione
815 3834 957 3928 subnixa
980 3837 1035 3910 rii·

273 3931 433 4023 debatur,
461 3958 568 4006 aurem
592 3935 729 4020 titiane
758 3938 950 4011 accomodate
988 3937 1035 4020 ψ’

273 4031 438 4124 adsensum
461 4037 610 4132 praebere
635 4037 724 4108 nobis
745 4037 893 4134 placuit.
928 4039 1034 4136 snspe-

272 4129 336 4204 l‘sis
363 4134 464 4230 igitur
489 4131 537 4213 &¹
563 4135 688 4210 resellis
709 4136 943 4234 praedisiarum
969 4149 1035 4214 Re·

259 4235 349 4331 'gum
374 4239 655 4333 Langobardorum
680 4241 861 4341 Praeceptis
884 4243 941 4326 arel
964 4268 1032 4314 eon·

264 4333 534 4428 firmationibut,
569 4341 753 4436 complacuit
787 4343 902 4435 nobis,
936 4346 1035 4418 dono·

273 4435 376 4507 tiones
401 4439 445 4508 (P
469 4441 662 4536 coneeffionrs
680 4441 755 4527 sive
788 4441 1036 4537 eonfinnatianes

273 4563 376 4608 earam
401 4539 456 4612 boe
481 4542 600 4630 nirslrae
633 4541 837 4620 auslaritatis
870 4552 1037 4644 Praecepto

264 4632 367 4736 santa
389 4641 573 4737 petitionem
612 4646 775 4734 memorati
808 4648 959 4744 Episcopi
992 4650 1037 4722 ad

270 4742 401 4814 eandem
437 4744 609 4828 Ecclefiam
643 4746 849 4840 confirmare.
891 4748 974 4837 sdesl,
1000 4749 1036 4824 iit

267 4842 384 4938 primis
408 4846 677 4934 confirmationem
692 4904 714 4932 ,.
729 4877 828 4948 mam
862 4847 1035 4946 Cu‘iiiper·

271 4957 329 5018 tus
352 4949 427 5022 Rex
448 4947 532 5024 lecit
556 4949 597 5022 ad
617 4949 808 5026 Ecclesiam
833 4953 952 5030 sanai
967 4956 1035 5026 Ge·

273 5045 427 5130 asiniani
454 5052 497 5128 de
525 5051 626 5131 Villa
662 5049 835 5148 l’oziola,
868 5051 939 5132 siue
973 5051 1035 5135 tri·

1142 3831 1239 3927 juxta
1255 3834 1406 3928 fluvium
1430 3839 1556 3924 Lama,
1581 3858 1648 3905 mm
1679 3831 1823 3904 omnibus
1841 3829 1908 3916 fita·

1143 3935 1397 4031 pertinentibus,
1416 3933 1491 4021 sive
1524 3940 1685 4019 Canauna
1718 3954 1813 4029 atque
1838 3937 1907 4006 De.

1145 4036 1246 4110 eima.
1271 4037 1433 4115 Similiter
1455 4036 1676 4124 donationem,
1711 4061 1806 4131 quant
1827 4034 1907 4125 serit
1936 4031 1961 4067 ’·

1144 4143 1290 4210 Domnus
1315 4137 1447 4210 Genitor
1471 4135 1570 4224 noster
1594 4137 1735 4212 Karalus
1768 4143 1908 4230 lmpera·

1141 4259 1219 4328 rar,
1241 4259 1367 4336 patrm
1391 4237 1607 4314 (lemiciano
1630 4235 1835 4318 Mutinense
1852 4240 1909 4313 E·
1964 4251 1965 4255 ’

1146 4337 1318 4442 piscopo‚
1344 4343 1385 4412 de
1418 4329 1604 4412 Malendinc
1633 4363 1730 4438 prope
1763 4344 1909 4413 Stratum

1146 4468 1215 4517 cum
1239 4443 1412 4540 acceptione
1444 4441 1507 4534 sua
1533 4441 1608 4528 five
1647 4441 1814 4540 aequoria,
1851 4438 1931 4538 qui

1144 4545 1327 4643 pertinebat
1363 4546 1413 4628 at>
1441 4551 1570 4616 Curttrn
1604 4546 1708 4642 Regis
1746 4541 1908 4616 Civitatis

1148 4652 1287 4720 Navae:
1313 4673 1366 4720 nee
1391 4671 1452 4718 nort
1479 4645 1526 4730 (γ’
1553 4671 1621 4732 rer,
1647 4672 1726 4742 puae
1749 4637 1812 4716 cluo
1838 4649 1908 4732 Ro·

1149 4749 1238 4824 mani
1257 4745 1572 4824 bominet'Gonalalus
1589 4745 1739 4818 videlicet
1757 4741 1805 4824 ῥ’
1823 4749 1907 4816 Cori·

1144 4849 1329 4939 slantinut,
1358 4849 1406 4930 &¹
1432 4871 1534 4920 mrum
1567 4872 1674 4918 uuorer
1709 4845 1826 4924 Maria
1860 4839 1907 4920 &¹

1151 4952 1285 5050 aagnitu
1309 4959 1353 5026 ad
1379 4947 1549 5032 Ecclefiatn
1573 4945 1690 5018 santii
1724 4944 1909 5020 Geminiani

1150 5063 1374 5228 dongueguntz..
1393 5056 1471 5126 lum
1489 5047 1665 5124 &murium
1681 5046 1909 5224 Sansllinipt·
