4536 6064
310 423 392 522 o„
609 347 975 495 Drsrrrrarro
1017 383 1517 528 nourrius-terma:
1739 415 1824 530 o7s
1882 509 1885 518 ,

253 526 299 600 ibi
323 521 495 624 aquiliam,
529 548 598 600 cum
632 525 698 623 ipso
731 529 841 600 Servo
865 525 980 602 nostro
998 531 1084 621 ,A
1121 527 1155 600 bi
1175 526 1279 618 saciat
1303 530 1343 623 de
1376 531 1563 611 Sacerdote,
1579 526 1655 624 'qui
1685 521 1800 600 honum
1825 535 1884 607 ba.

251 629 377 702 nomine
404 629 598 717 Pulumbo,
624 651 705 704 curn
731 631 894 705 uxore&
924 627 1012 704 filiis
1121 633 1193 704 beot
1219 629 1452 717 testimonium,
1478 650 1515 702 ut
1538 631 1659 726 semper
1685 629 1733 702 ibi
1757 627 1886 706 ilecme‘-

252 733 288 802 &
315 725 456 803 filiabus
490 735 526 802 bt
563 727 777 829 pertinentia
813 728 895 821 suu,
931 733 1014 828 quod
1116 729 1192 816 sina
1218 734 1262 804 Θ·
1287 731 1458 828 hospicium
1483 726 1541 826 esse
1564 732 1677 804 debeat
1700 733 1740 803 de
1764 735 1883 808 debili·

254 829 334 900 mihi
370 829 462 910 dedit
499 837 564 904 Leo
601 833 642 904 de
679 832 912 908 Alexandria.
947 839 1014 904 Her
1123 835 1181 904 bus
1206 829 1254 912 (θ’
1285 831 1476 930 pauperibus
1511 833 1556 902 Θ
1589 831 1702 904 viduis
1731 856 1791 930 pro
1819 860 1885 910 mer

254 931 361 1003 omnia
379 933 459 1026 suut
485 931 519 1004 in
540 930 665 1023 finibres
688 932 919 1018 Sarnensihus.
956 939 1014 1008 ln·
1118 933 1225 1027 salute
1249 935 1379 1008 anime.
1404 931 1505 1016 Etsi
1529 933 1678 1023 Pontisero
1700 934 1798 1030 hujus
1819 944 1884 1010 Sa-

248 1031 348 1118 simul
373 1033 421 1116 &¹
446 1034 604 1131 integrunt
637 1061 701 1106 rem
736 1027 854 1115 illam,
889 1061 948 1133 quc
972 1035 1015 1124 esl
1122 1034 1301 1108 leonitanac
1329 1035 1423 1108 Sedis
1456 1033 1591 1118 Ecclefie
1624 1035 1717 1121 islam
1751 1037 1885 1123 noslram

255 1134 290 1205 in
317 1139 380 1212 loco
392 1183 404 1215 ,
432 1135 489 1230 qui
513 1158 645 1210 umatus
669 1138 843 1210 Malianus
867 1139 1013 1212 Salerni·
1122 1133 1248 1232 legibus
1271 1135 1446 1232 adjungere
1467 1136 1604 1232 poterit,
1639 1136 1713 1206 uolo
1746 1158 1783 1208 ut
1808 1159 1897 1226 tanffi

256 1227 456 1327 tanaifinis
468 1283 480 1317 ,
516 1263 575 1334 que
599 1238 751 1334 discurrit
775 1242 860 1313 inter
883 1240 942 1314 has
967 1267 1016 1312 res
1123 1259 1192 1310 tum
1226 1237 1328 1334 ipsam
1352 1236 1523 1322 Ecclessam
1548 1263 1616 1308 rum
1644 1235 1717 1328 suis
1746 1241 1884 1334 parieti·

257 1337 302 1406 et
326 1363 428 1418 rem„
444 1361 504 1436 que
532 1338 600 1429 suit
623 1342 760 1435 Aleriffi
772 1389 784 1424 ,
819 1343 906 1432 iusta
932 1343 1017 1440 ipsas
1124 1342 1183 1412 hus
1215 1339 1332 1414 babeat
1344 1388 1355 1421 ,
1391 1367 1466 1413 nam
1491 1339 1616 1412 nullum
1649 1339 1767 1419 aliud,
1803 1343 1886 1438 quod

249 1435 336 1529 sines
371 1439 406 1509 in
432 1439 590 1534 integrum
624 1467 692 1514 aunt
726 1444 795 1538 ipsa
829 1444 923 1537 casa,
959 1467 1018 1541 que
1041 1437 1083 1508 ·B
1118 1440 1220 1538 supra
1243 1441 1360 1537 legitur
1372 1491 1384 1524 ,
1418 1441 1502 1536 qaod
1527 1439 1575 1512 ibi
1598 1443 1688 1512 modo
1711 1442 1885 1523 dedimus,

256 1539 344 1612 intus
368 1539 449 1612 bans
470 1539 574 1636 posita
598 1542 668 1630 est,
692 1569 760 1615 cunr
786 1545 933 1616 omnibus
961 1547 1016 1618 in-

251 1659 309 1712 tra
341 1640 378 1732 se
411 1641 624 1724 habentibus,
665 1644 769 1742 ibique
804 1647 907 1722 obtuli
917 1694 931 1727 ,
969 1645 1015 1726 &¹

239 1761 410 1838 ¹quantum
436 1743 485 1812 ibi
508 1744 611 1818 adbuc
631 1766 813 1841 pmauero.

307 1847 356 1914 Et
392 1843 518 1939 insuper
552 1845 610 1933 isla
644 1847 765 1940 offerfio
799 1848 912 1944 offerta
942 1869 1015 1946 prr-

257 1963 405 2024 maneat,
435 1971 528 2040 quam
554 1943 612 2031 etsi
636 1948 702 2019 Dei
727 1951 850 2020 vocatio
875 1951 957 2022 mihi
983 1977 1015 2020 e-

254 2045 379 2116 venerit
408 2045 545 2142 ubique,
582 2048 626 2120 'O'
647 2048 757 2120 'aliter
790 2053 879 2121 modo
902 2053 943 2122 do
968 2077 1016 2124 re-

256 2147 314 2220 bus
339 2147 417 2218 meis
441 2171 502 2218 non
526 2169 640 2242 pareat
662 2149 866 2240 judicatum,
888 2173 947 2248 per
965 2153 1016 2249 ip-

251 2246 324 2338 sam
363 2244 552 2342 offersionem
587 2249 734 2320 uolumus
767 2272 862 2348 atque
895 2251 1016 2340 slacur‘-

1125 1562 1182 1616 aut
1208 1541 1243 1614 lu
1268 1563 1364 1614 anteo
1396 1541 1592 1614 dederimus.
1626 1541 1693 1614 Sed
1726 1569 1822 1638 neque
1846 1571 1883 1616 a·

1124 1643 1230 1714 ditum
1255 1643 1303 1716 ihi
1326 1645 1372 1716 ad
1396 1642 1636 1738 ingrediendum
1660 1643 1794 1725 babeat,
1825 1645 1886 1737 'sed

1126 1748 1252 1818 tantiam
1277 1743 1446 1841 hospitium
1471 1741 1719 1828 eleemosinarum
1735 1741 1807 1834 fiat
1832 1747 1885 1817 in·

1125 1855 1164 1914 de
1183 1844 1305 1942 semper
1328 1845 1535 1942 adimpletum
1568 1847 1609 1916 de
1633 1845 1793 1928 omnibus,
1828 1865 1887 1946 que

1126 1947 1172 2016 ibi
1197 1949 1286 2021 modo
1308 1948 1473 2026 dedimus,
1499 1967 1557 2019 aut
1583 1945 1618 2016 in
1642 1967 1739 2018 antea
1762 1949 1885 2020 dedeti-

1126 2071 1214 2120 mus.
1249 2053 1298 2122 Et
1324 2045 1360 2132 fi
1382 2048 1507 2120 heredes
1529 2045 1638 2134 ,nostri
1671 2049 1726 2120 hoo
1758 2075 1820 2120 non
1845 2075 1885 2122 a·

1126 2147 1374 2244 dimpleercrint,
1409 2170 1467 2222 aut
1492 2147 1528 2234 fi
1552 2149 1626 2220 inde
1649 2144 1780 2242 aliquod
1808 2153 1887 2240 sub-

1127 2250 1307 2329 traxerint,
1341 2251 1398 2320 vel
1424 2249 1458 2335 si
1481 2277 1503 2321 a
1532 2271 1626 2345 parte
1649 2250 1777 2322 Palatii
1811 2251 1886 2321 illo-

257 2362 328 2418 mut
339 2395 351 2428 ,
378 2369 415 2418 ut
436 2369 495 2445 pro
513 2347 621 2442 salute
645 2350 750 2422 anime
774 2353 905 2425 eueniat
932 2355 1016 2426 intc—
1058 2343 1089 2412 C
1129 2374 1199 2422 rum
1217 2350 1318 2442 suerit
1342 2349 1558 2430 contrabium,
1585 2369 1644 2421 aut
1668 2352 1802 2434 toltum,
1827 2375 1887 2422 vo·

253 2473 315 2548 gra
338 2449 442 2544 portio
471 2477 539 2522 mea
563 2451 604 2522 de
629 2450 722 2524 rebus
749 2453 927 2544 suhslantie
951 2481 1017 2529 mcc

253 2571 311 2646 pec
333 2549 462 2642 dirmrsa
487 2555 553 2622 loca
571 2553 606 2624 in
627 2553 756 2649 presata
774 2557 867 2626 Eccle
880 2583 915 2628 ra
930 2562 1018 2628 San-

257 2650 305 2726 c‘li
330 2652 494 2732 Mummi,
530 2677 625 2748 quam
648 2657 694 2725 ad
708 2654 803 2744 filios
828 2657 943 2743 noslros
967 2684 1017 2728 re·

257 2752 432 2848 liquimus,
468 2773 506 2824 ut
530 2754 626 2826 talem
649 2754 820 2849 portionem
846 2757 921 2826 inde
942 2776 1017 2852 per-

256 2853 378 2947 cipiant
403 2853 552 2926 Reliores
587 2854 684 2947 ipsius
717 2855 853 2937 Ecclefie
878 2855 912 2926 in
944 2857 1017 2951 pos-

252 2953 381 3046 seffione'
405 2951 501 3045 ipsus
527 2951 682 3036 Ecclesie,
708 2955 832 3048 qualem
857 2981 955 3024 unum
977 2959 1017 3028 de

250 3053 333 3131 meis
350 3049 464 3144 filiis,
490 3050 607 3148 absque
631 3049 747 3125 Servis
772 3053 808 3124 ἃ
835 3053 1016 3134 Anciilis,

256 3151 313 3252 qui
346 3153 543 3226 continentur
578 3155 613 3224 in
650 3153 719 3246 ipsa
754 3181 823 3226 mea
855 3151 1014 3250 portione,

1129 2452 1184 2534 lo,
1225 2471 1263 2524 ut
1299 2450 1414 2524 uenias
1451 2451 1486 2522 in
1521 2451 1703 2548 potestatem
1741 2453 1887 2525 ,alboris

1130 2552 1247 2624 Sarrbli
1280 2549 1452 2626 Benedihli
1464 2601 1476 2633 ,
1510 2553 1568 2650 qui
1602 2554 1637 2623 in
1672 2553 1743 2624 illis
1775 2552 1890 2626 diebus

1125 2653 1252 2743 suerit,
1281 2651 1420 2737 Ecclesia
1449 2652 1519 2748 ipsa
1543 2679 1611 2726 cunr
1636 2653 1722 2726 ononi
1746 2681 1781 2725 ee
1804 2656 1888 2752 quod

1125 2754 1224 2849 supra
1248 2754 1389 2850 legitur,
1424 2757 1552 2826 eatstan
1584 2756 1631 2828 ad
1662 2755 1889 2828 ordinationem

1131 2853 1179 2926 ihi
1209 2853 1388 2944 satiendam
1410 2856 1463 2924 alr
1495 2861 1660 2927 Sacerdote
1692 2857 1804 2928 bonam
1832 2857 1891 2946 sa·

1131 2961 1215 3024 main
1241 2956 1395 3034 habenta,
1423 2957 1562 3050 qualiter
1590 2955 1710 3051 semper
1734 2956 1888 3047 elcenmst-

1133 3077 1177 3122 na
1201 3047 1244 3126 Θ
1273 3053 1463 3145 hospitium,
1479 3053 1481 3058 ’
1498 3074 1535 3124 ut
1554 3056 1654 3150 supra
1679 3057 1816 3154 legitur,
1852 3083 1891 3131 a·

1131 3149 1317 3244 dimplctum
1334 3149 1427 3241 fiat.
1463 3159 1551 3224 Nam
1579 3156 1691 3251 sipro
1715 3159 1781 3228 alio
1804 3161 1892 3231 mode

258 3281 346 3354 quos
374 3256 559 3340 volumus,
585 3271 625 3328 ut
652 3253 776 3330 Liberi
804 3257 935 3329 vadant
959 3279 1016 3351 pro
1060 3259 1092 3327 D
1131 3251 1256 3324 heredes
1281 3253 1341 3324 mei
1366 3277 1428 3331 ea,
1463 3278 1522 3347 que
1549 3253 1694 3350 superius
1719 3259 1889 3351 leguntur,

252 3358 360 3450 salute
384 3357 488 3428 anime
514 3354 635 3442 nostre:
660 3355 723 3454 qui
750 3354 938 3430 habuerint
964 3355 1016 3432 ci-

259 3457 409 3558 spitem,
436 3483 517 3532 cum
543 3456 606 3530 luo
632 3455 784 3555 cispite,
812 3459 849 3530 8<
875 3457 937 3556 qui
965 3457 1016 3532 ci-

258 3557 384 3659 spiren
411 3585 483 3634 noo
510 3557 723 3649 habuerint,
760 3557 911 3634 sufficiat
937 3556 1016 3657 ipfis

258 3662 422 3737 Libertas
458 3658 542 3735 sua.
579 3662 659 3732 Tali
692 3660 802 3732 ordine
833 3657 1019 3758 supredillc

259 3760 395 3846 Ecclefie
421 3761 520 3847 noslre
543 3759 658 3834 Sonbii
691 3761 837 3834 Maximi
861 3789 924 3842 ea,
960 3787 1018 3858 que

255 3863 462 3961 proleguntur
474 3911 486 3944 ‚
526 3863 633 3934 omnia
665 3861 806 3959 effctui,
841 3883 878 3934 ut
911 3889 949 3934 eu
982 3890 1019 3936 eo

253 3965 375 4072 semper
409 3962 455 4035 ihi
488 3963 657 4060 hospitium
687 3959 735 4042 &⁹
760 3961 938 4048 eleemosina
963 3960 1020 4058 esse

256 4063 371 4139 deheot
392 4086 451 4162 pro
482 4057 674 4160 pauperibus
698 4066 743 4136 rb
766 4065 879 4136 viduis
903 4091 940 4138 ac
963 4067 1020 4138 de-

260 4166 381 4242 bilibus
403 4187 461 4262 per
484 4167 681 4238 Sacerdotem
706 4165 821 4249 illum,
850 4190 939 4260 quern
965 4193 1020 4264 ego

260 4269 307 4342 ihi
343 4269 561 4340 ordinavero.
601 4271 650 4338 Et
685 4266 754 4362 posl
791 4266 1019 4359 desunbbioncm

261 4367 420 4456 noslram,
456 4369 616 4441 licentiam
649 4367 786 4442 habeant
806 4371 939 4442 'mredm
965 4395 1021 4442 no-

253 4469 317 4558 siri
342 4471 390 4540 ihi
415 4469 646 4540 ordinationem
677 4469 781 4560 sarcre
813 4470 1022 4567 posbabitum

262 4571 388 4642 illorum
413 4572 637 4650 Sacerdotem,
672 4594 746 4665 ques
772 4597 827 4642 nos
862 4571 909 4644 ihi
944 4573 1021 4642 reli-

260 4671 417 4770 querimus
440 4673 621 4746 ordinatus.
658 4677 746 4744 Nam
772 4699 833 4742 non
865 4675 947 4768 quod
972 4670 1023 4763 fi-

260 4774 325 4846 lius
349 4793 408 4845 aut
431 4775 516 4844 heres
540 4799 628 4844 meus
660 4773 736 4844 inde
767 4774 897 4871 aliquid
930 4775 1022 4847 tolle-

261 4899 313 4953 re.
348 4893 407 4947 aut
436 4873 620 4966 subtrahere
654 4875 768 4969 poffit,
801 4895 861 4950 out
894 4877 1024 4950 cuilibet

258 4997 315 5072 per
339 4983 561 5072 quemeumque
586 4975 739 5048 rationem
763 4979 863 5056 darc,
899 4995 957 5052 aut
982 5006 1020 5052 a·

260 5075 649 5162 utinamutinam
674 5095 710 5148 ut
735 5078 966 5156 ordinationem
992 5080 1022 5151 i-

1131 3378 1287 3424 remouere
1310 3351 1497 3450 quesutint',
1521 3375 1581 3427 aras
1605 3355 1799 3438 contrahere,
1834 3363 1891 3429 vel

1125 3453 1158 3539 fi
1183 3453 1296 3526 exinde
1320 3453 1418 3531 alicui
1451 3457 1529 3527 date
1559 3455 1802 3552 presumpserint
1834 3463 1891 3553 pis

1130 3557 1299 3652 quemlibet
1324 3557 1468 3638 modum,
1495 3556 1578 3628 illud
1602 3557 1685 3653 quod
1700 3559 1812 3629 datum
1829 3581 1890 3654 pa·

1130 3657 1249 3738 ruerit,
1271 3656 1317 3742 sit
1333 3658 1517 3753 diruptum,
1543 3655 1589 3737 r&
1607 3655 1789 3756 permiincat
1808 3660 1892 3746 ficut

1125 3759 1272 3855 superius
1310 3761 1449 3856 legitur.
1488 3763 1538 3848 Et
1566 3757 1600 3844 si
1633 3761 1819 3856 contigerit,
1854 3781 1892 3834 ut

1129 3861 1247 3932 veniat
1281 3859 1342 3948 isla
1375 3859 1516 3944 Ecclesia
1551 3859 1585 3931 in
1621 3861 1819 3934 ordinatione
1852 3865 1893 3934 db

1130 3959 1281 4058 predihiis
1313 3960 1548 4034 uenerabilibus
1585 3962 1661 4034 locis
1696 3983 1754 4057 per
1787 3963 1892 4060 negli-

1127 4062 1271 4160 gentiam
1295 4063 1336 4134 de
1360 4061 1437 4135 nreis
1460 4057 1644 4142 heredibus,
1672 4061 1892 4156 siobseruare

1062 4167 1092 4236 Ἑ
1127 4162 1368 4258 mtmpscrint
1379 4211 1392 4246 ,
1421 4160 1506 4246 fimet
1532 4163 1634 4259 supra
1668 4189 1724 4234 nos
1755 4165 1892 4261 precipi-

1130 4287 1201 4340 mus
1226 4267 1269 4336 θ’
1294 4263 1539 4344 ordinavimus,
1573 4267 1614 4336 ile
1648 4265 1717 4364 ipsa
1751 4265 1891 4352 Ecclesia

1131 4369 1177 4440 θ’
1199 4367 1240 4438 ‘de
1264 4367 1334 4460 ejus
1367 4368 1458 4439 rebus
1489 4365 1614 4438 heredes
1638 4366 1701 4438 mci
1725 4392 1786 4438 non
1817 4365 1890 4463 pes-

1130 4467 1196 4558 snt
1220 4469 1297 4542 inde
1318 4466 1450 4564 aliquid
1473 4465 1662 4560 'subtrahere
1686 4488 1745 4541 aut
1768 4469 1891 4540 nisuo-

1130 4596 1184 4651 rc,
1220 4567 1282 4656 nisi
1313 4571 1471 4666 plicencur
1498 4569 1604 4659 secum
1638 4566 1788 4642 ,abbbates
1823 4591 1893 4640 cnut

1132 4673 1210 4754 illo,
1238 4671 1295 4768 qui
1314 4669 1416 4763 suerit
1440 4671 1486 4744 ad
1509 4669 1722 4742 ordinandum
1755 4669 1804 4742 ibi
1825 4675 1891 4740 Sa»

1130 4781 1300 4854 ardum,
1335 4772 1392 4869 qui
1411 4771 1592 4870 adimpleor
1620 4766 1813 4866 supradida'
1825 4793 1890 4838 no-

1122 4876 1209 4962 stra·
1219 4893 1386 4970 precepto.
1423 4875 1472 4943 Et
1500 4869 1697 4966 sumptim
1722 4868 1797 4940 iude
1820 4869 1893 4940 not

1131 4974 1254 5051 trahere
1284 4969 1508 5070 presumpserit
1539 4978 1604 5042 sut
1634 4971 1755 5040 tollere'
1775 4967 1893 5065 quesie-

1130 5073 1300 5248 iiiiii?
1324 5073 1468 5247 :oollam
1485 5070 1534 5148 ibi
1565 5071 1680 5146 hn'htw
1695 5101 1700 5110 ·
1710 5069 1892 5242 puppslippent
