4550 6072
460 369 541 476 563

776 325 1165 476 anrtourr.
1218 350 1444 450 nsnrr
1494 355 1673 448 surr
1726 397 1730 406 ·

1896 379 1987 483 56⁴

396 473 524 570 licuit,
552 474 613 551 ubi
641 477 741 576 pasis
767 495 827 552 aut
848 477 1062 553 consuetudo
1081 485 1155 556 Ser·
1200 483 1229 554 A
1273 478 1437 552 termitto
1471 485 1587 552 Servos
1612 473 1864 571 Etclefialllcos,
1898 511 1959 582 qur
1988 483 2033 562 ad

395 579 453 652 ris
472 577 657 654 favebant.
687 581 715 654 ti
735 582 958 678 appellantur
977 585 1073 652 Servi
1093 589 1152 654 Be·

395 681 552 774 nrfieiatii
589 683 628 755 iu
666 683 761 780 Lege
797 685 839 756 Χ.
875 679 1056 757 Ludovici
1100 679 1156 760 Pii

394 783 491 860 inter
534 782 852 882 Langobardicas.
893 786 1006 874 Calarr'
1047 784 1155 858 etiarn

393 903 717 960 commemorantur
751 885 794 958 ab
831 885 1016 986 antiquis,
1052 905 1157 986 atque

395 986 520 1062 horum
568 1011 644 1084 pars
686 985 849 1062 fimiliter
889 989 927 1062 in
968 993 1154 1063 servorum

395 1115 499 1188 grege
525 1087 792 1163 numerabatur:
822 1091 874 1164 ita
900 1091 1097 1190 appellati,
1133 1089 1156 1162 ss

397 1189 650 1288 Du·Cangium
697 1190 893 1280 audimus,
934 1191 1028 1289 quod
1072 1194 1159 1264 intra

396 1293 524 1386 rasam,
553 1293 620 1366 hoc
647 1289 693 1366 est
719 1291 755 1366 in
784 1293 946 1366 ruralibus
973 1291 1155 1390 poffeffioni·

1274 579 1462 654 Ecclesiam
1492 583 1734 680 pertinebant:
1773 583 1808 654 δι
1837 582 2041 674 Misellerr'a.

1272 685 1339 772 les,
1372 690 1423 756 ita
1450 685 1673 782 appellatos,
1708 687 1803 781 quod
1833 691 1871 759 in
1900 687 2039 763 familia

1273 784 1412 860 domini
1449 785 1643 860 minrllerio
1681 783 1744 860 suo
1779 784 2037 888 iungerentur.

1274 887 1387 964 Alios,
1407 913 1546 986 quoque
1571 885 1707 960 omitto
1741 889 1927 983 ouranos,
1962 897 2038 962 Mo·

1272 989 1408 1066 linarias,
1436 1047 1447 1081 ,
1489 993 1611 1062 Falsas
1647 989 1821 1084 serranus,
1859 999 2038 1090 Carpento-

1272 1089 1369 1180 rios,
1411 1094 1608 1188 Caprasiae,
1650 1089 1799 1190 aliisque
1840 1091 2036 1170 humilibus

1274 1192 1475 1266 muneribus
1513 1189 1694 1266 addisios.
1731 1201 1852 1293 Atque
1889 1197 1932 1269 ad
1965 1200 2036 1272 alie

1274 1294 1501 1392 progredior.
1538 1297 1736 1369 Secundum
1768 1297 1935 1370 Rotharis
1965 1303 2037 1374 Le·

395 1397 452 1468 bus
472 1395 676 1487 serorebant.
706 1399 861 1468 fuerunt
887 1413 1005 1470 tamen
1032 1399 1067 1468 &
1094 1402 1156 1468 Ca·
1201 1392 1227 1462 Β
1272 1419 1329 1492 ges
1358 1397 1448 1468 nulli
1477 1401 1664 1470 Servorum
1701 1397 1833 1471 licebat
1860 1400 1933 1486 fine
1963 1425 2037 1496 per.

388 1496 601 1590 sanissimi,
638 1493 747 1570 alicui
774 1497 883 1572 Casae
920 1495 977 1574 seu
1014 1498 1157 1597 praedio

395 1596 457 1672 sub
477 1597 655 1696 aliquibus
683 1597 793 1696 passis
813 1598 966 1674 addisli.
996 1597 1054 1674 Ad
1075 1598 1158 1674 haec
1207 1693 1211 1700 Ι

390 1717 580 1774 occurrent
608 1699 678 1774 tibi
703 1702 801 1772 Serui
826 1700 981 1794 Maffarir'
996 1755 1007 1791 ,
1034 1703 1097 1800 qui
1124 1727 1156 1774 a·

395 1801 486 1875 licui
521 1797 647 1898 Maffae
687 1797 744 1875 seu
786 1801 927 1897 praedio
963 1801 1158 1876 excolendo

395 1903 557 1976 destinati
593 1919 712 1976 erant.
753 1904 805 1978 Hi
843 1923 1084 1978 memorantur
1119 1903 1157 1976 in

396 2004 564 2079 Rotharis
591 2004 697 2102 Regis
724 2007 820 2106 Lege
847 2009 931 2104 238.
954 2005 1087 2079 Vereor
1106 2023 1156 2078 ta·

395 2133 507 2196 men,
547 2125 591 2180 ne
631 2122 765 2205 praeter
801 2103 974 2202 Maffariar
1009 2109 1156 2193 Servos,

395 2206 549 2306 Maffarr'r‘
581 2209 690 2283 etiarn
726 2207 858 2282 suerint
891 2232 961 2282 non
998 2207 1100 2307 pauci
1137 2209 1156 2281 i

1272 1493 1362 1590 rniffu
1396 1497 1519 1568 domini
1547 1499 1604 1590 sui
1632 1525 1729 1596 neque
1763 1521 1902 1591 terram,
1938 1529 2034 1599 neque

1271 1620 1493 1694 quamcumque
1511 1625 1574 1672 rern
1592 1615 1746 1674 vendere.
1767 1605 1940 1676 Attamen
1960 1613 2035 1674 Ser.

1270 1723 1332 1768 vrrs
1359 1697 1537 1793 Maffarins
1562 1702 1724 1774 licentiam
1753 1703 1889 1776 habebar
1912 1707 1953 1776 de
1976 1725 2034 1802 pe.

1270 1796 1352 1870 ralia
1370 1801 1452 1894 sno,
1480 1801 1559 1890 idell
1584 1805 1712 1894 bavent,
1743 1823 1898 1897 narrant,
1926 1809 2035 1880 cabul.

1269 1901 1335 1970 lunt
1374 1900 1447 1981 &a
1485 1905 1519 1973 in
1552 1903 1634 1994 socia
1668 1915 1765 1979 dare.
1809 1911 1885 1980 Nos
1922 1907 2032 1982 adhuc

1269 2005 1486 2100 appellamus
1511 2009 1589 2076 dare
1606 2033 1627 2078 a
1645 2007 1777 2100 saeida,
1804 2007 1871 2082 hoc
1891 2008 1937 2082 est
1960 2035 2034 2110 gre·

1268 2105 1387 2200 ges&
1416 2121 1574 2180 armenta
1601 2107 1711 2182 alicui
1749 2109 1884 2183 tradere
1911 2111 1952 2183 ad
1981 2111 1998 2183 s
2018 2153 2035 2178 .

1268 2203 1462 2295 rietatem,
1500 2209 1551 2282 ira
1578 2231 1619 2284 ut
1655 2207 1787 2284 fruetus
1814 2211 1896 2286 inde
1923 2213 2034 2312 perci·

395 2305 513 2386 servili
543 2309 749 2386 conditione
776 2309 909 2386 alieni.
946 2307 1039 2384 Vide
1064 2297 1155 2384 Dis·
1198 2315 1232 2388 C
1268 2307 1389 2402 piendi
1426 2309 1634 2385 dividantur
1672 2311 1767 2387 inter
1806 2313 1948 2388 socios.
1991 2319 2033 2388 In

394 2413 620 2492 sertationem
659 2415 738 2486 XV.
776 2410 1070 2513 subsequentem.
1113 2415 1154 2484 ln

392 2515 522 2592 eisdem
550 2515 705 2618 Legibus
735 2513 1015 2615 La‘ngobarditis
1051 2513 1153 2616 lrabe-

393 2633 470 2694 mus
489 2625 624 2692 Seruum
643 2615 851 2707 sallicanum,
878 2617 934 2714 qui
950 2614 1012 2710 [nb
1029 2609 1155 2712 Massa·

392 2723 439 2796 rr'a
464 2721 528 2810 est.
564 2717 767 2793 Videndum
795 2717 861 2808 eli,
889 2742 975 2792 num
1003 2715 1064 2790 sub
1091 2743 1152 2792 no·

393 2823 489 2896 mine
524 2817 679 2914 Maffarr'r'
714 2819 792 2894 heic
820 2819 942 2894 veniat
969 2815 1153 2894 Custos&

395 2915 604 2996 Procurator
640 2915 786 3016 Malles,
834 2919 884 3014 ul
919 2921 1010 2996 liber
1046 2919 1154 2996 homo

393 3025 457 3100 esse
493 3021 700 3098 consuevit.
743 2945 854 3118 Massi
887 3027 972 3098 verb
1007 3046 1078 3097 non
1116 3051 1153 3098 u-

392 3152 476 3200 num
514 3117 718 3224 praedium,
752 3121 807 3198 sed
845 3127 958 3200 multa
993 3123 1054 3201 sub
1081 3153 1153 3202 uno

1267 2407 1403 2484 ludicra
1430 2412 1622 2487 Cantilena
1660 2415 1889 2510 Petrarcltae,
1925 2441 2032 2514 quam

1268 2511 1420 2584 Bembus
1446 2513 1593 2602 laudat,
1619 2515 1752 2613 legitur
1777 2513 1838 2588 bic
1865 2519 2005 2593 versus:

1265 2663 1330 2734 Ma
1347 2651 1409 2736 dar
1422 2664 1453 2732 le
1473 2669 1613 2759 Caprea
1625 2663 1721 2758 saccio
1737 2663 1840 2761 ἔμεν’
1850 2667 1878 2736 il
1895 2670 2031 2764 meglio.

1265 2810 1499 2914 Sillingardus
1535 2811 1574 2887 in
1616 2813 1781 2914 Catalog.
1822 2809 2028 2918 Episcopor.

1265 2913 1461 2988 Mutinens.
1498 2909 1533 2987 ἃ
1560 2941 1604 2988 ex
1631 2939 1673 2988 eo
1700 2918 1891 3016 Ugbellius
1918 2921 2031 2994 Tom.

1268 3039 1301 3089 2.
1330 3019 1410 3089 stas.
1437 3021 1528 3090 Sacr.
1558 3017 1728 3117 Diploma
1759 3019 1939 3093 Ludovici
1975 3019 2032 3096 Pii

1267 3118 1416 3218 Augusti
1451 3119 1644 3206 exhibent,
1679 3119 1802 3193 datum
1840 3121 2032 3206 Deusdedit

394 3245 617 3330 procuratore
644 3225 751 3326 posita
779 3227 1015 3328 fignificabat.
1052 3229 1151 3302 Servi
1192 3219 1226 3288 D
1267 3220 1442 3320 Episcopo
1464 3218 1767 3311 ‘Mullsstflfirlss
1804 3247 1876 3324 l1¹¹⁰
1903 3221 2032 3298 c0nfil'·

390 3355 530 3430 quoque
558 3326 697 3422 Filrales
722 3327 779 3403 seu
804 3330 963 3418 Fiscellus
987 3327 1151 3418 fuerunt,
1267 3341 1385 3395 matur
1410 3322 1581 3414 donatio,
1616 3349 1711 3421 quam
1736 3329 1930 3398 Cunuerrus
1955 3333 2030 3399 Rea

389 3431 451 3532 qui
488 3431 611 3524 Fisc0‚
647 3433 714 3504 hoc
750 3427 796 3504 eli
833 3433 982 3534 Regi&
1011 3430 1150 3506 Palatio
1259 3421 1340 3512 feeit
1364 3429 1410 3496 ad
1434 3423 1604 3508 Ecclefiam
1632 3421 1750 3496 sanssi
1782 3427 1970 3500 Geminiani
1991 3431 2033 3500 de

390 3535 675 3608 famulabantur.
714 3527 753 3604 ln
790 3531 947 3607 Historia
982 3535 1146 3608 Transla·
1267 3525 1357 3595 Vllla
1381 3525 1508 3596 Pmlli
1533 3525 1748 3626 (legendum
1788 3528 2032 3627 Puzlololfi·

390 3637 501 3712 tionis
531 3635 649 3711 Sansii
686 3635 855 3710 Germani
891 3633 1057 3734 Episcopi
1087 3631 1145 3707 l'a·

390 3727 560 3827 ristenlis,
588 3735 714 3833 scripti
740 3737 759 3808 i
786 3735 968 3809 Monacho
997 3733 1146 3812 Platensr

390 3837 533 3911 circiter
569 3838 714 3910 Annum
761 3836 943 3912 DCCXC.
979 3835 1063 3910 haec
1099 3840 1146 3912 le·

389 3951 539 4042 guntur:
570 3943 607 4010 ln
633 3931 687 4010 hic
708 3961 792 4036 pago
816 3937 976 4024 Parr'fiaea
1002 3937 1063 4034 ipfi
1088 3941 1149 4010 Fi·-

383 4037 635 4136 Jcalini'ueslri
659 4037 700 4112 ab
728 4041 951 4132 fortitudinem
977 4037 1147 4124 Celfitudis

1264 3625 1514 3715 verrinarum,
1543 3627 1759 3720 subsidiales,
1794 3651 1890 3726 atque
1923 3657 2029 3725 anga.

1265 3729 1357 3816 rias,
1386 3753 1466 3826 qaas
1495 3731 1593 3800 Serui
1617 3729 1754 3820 ejusdem
1779 3729 1896 3802 sanila·
1922 3731 2031 3803 Gemi·

1266 3830 1361 3901 niani
1384 3845 1429 3902 aa
1456 3831 1556 3926 ipsam
1581 3833 1728 3924 Casalem
1754 3833 1963 3904 laborandum
1985 3833 2031 3904 0·

1264 3931 1462 4004 earolendnnr
1486 3933 1681 4005 habraernnt.
1708 3931 1807 4006 Hinc
1833 3933 2029 4008 desumtam

1265 4057 1389 4106 vocem
1410 4031 1603 4118 subsidialis
1628 4033 1666 4106 in
1695 4033 1792 4108 suum
1814 4033 2029 4110 Glossarium

389 4145 440 4216 nis
465 4145 586 4232 velitne
610 4145 710 4218 ualde
737 4144 816 4235 srr'nr
842 4139 1007 4236 insolentes
1033 4143 1077 4213 U·
1102 4161 1146 4212 te·
1197 4139 1226 4210 E
1264 4131 1657 4209 invexitvirsummus'
1680 4139 1935 4238 DusCangius.
1959 4139 2031 4210 Ve-

389 4247 538 4335 merarii,
566 4245 610 4316 <9¹
635 4245 737 4318 malta
763 4247 850 4318 mala
875 4267 982 4318 rantra
1004 4245 1085 4316 bunc
1102 4243 1147 4316 lo-

388 4371 455 4418 cam
479 4367 680 4442 perpetrant.
721 4346 956 4421 blnblllonius
992 4341 1057 4420 ha'e
1083 4359 1148 4418 uo·

353 4475 367 4498 ν
390 4470 428 4544 ce
457 4431 642 4537 significari
678 4447 813 4520 tensuit
848 4442 1062 4520 Procuratores
1088 4438 1145 4518 Fi·

382 4549 532 4643 scarum.
573 4549 649 4644 Ego
689 4547 868 4621 lubentius
909 4569 1028 4648 putem
1065 4543 1147 4620 dest·

388 4649 489 4746 gnari
525 4645 697 4748 ejusmodi
733 4649 879 4722 nomine
911 4655 1053 4740 Servos,
1090 4647 1148 4722 vel

390 4750 485 4826 Fisci
512 4747 569 4824 seu
597 4749 704 4850 Regis
725 4749 879 4834 Aldios,
906 4747 944 4820 in
966 4751 1063 4821 Villa
1087 4753 1148 4823 Pa·

388 4846 516 4930 latlolo
543 4851 682 4926 insellos
706 4849 897 4925 Monachis
920 4849 1037 4924 Sansii
1060 4851 1147 4924 Vin·

387 4951 522 5031 centil.
550 4953 651 5029 uide·
674 4952 961 5054 Dissertationem
992 4957 1070 5025 XV.
1101 4953 1149 5026 le·

388 5077 551 5153 quentem
574 5059 613 5128 de
640 5056 913 5150 Manrrmiffianib.
940 5053 1000 5128 ubi
1027 5053 1069 5126 de
1089 5055 1150 5127 Fi·

382 5159 514 5246 Jealr'm's
540 5155 652 5234 sermo
676 5159 788 5234 rursus
810 5158 901 5234 milti
927 5159 1015 5235 erit.
1047 5160 1148 5234 Prae·

1264 4239 1341 4310 rum
1370 4238 1407 4310 in
1435 4237 1676 4335 autographo,
1704 4237 1799 4334 quod
1824 4265 1894 4332 nqn
1922 4235 2029 4313 semel

1264 4335 1326 4413 sub
1350 4337 1464 4412 oculis
1492 4337 1624 4430 habui,
1661 4365 1731 4412 non
1761 4337 1954 4434 subfidrales
1979 4341 2031 4416 le.

1264 4443 1387 4542 gitur,
1430 4439 1484 4512 sed
1525 4437 1743 4514 Suecidiales.
1788 4439 1903 4515 immo
1944 4441 2032 4541 quia¹

1268 4540 1500 4642 Privilegium
1528 4541 1620 4617 illud
1657 4569 1778 4642 parum
1806 4563 1966 4618 accurate
1992 4567 2029 4618 e·

1264 4645 1353 4718 tiam
1377 4644 1415 4717 in
1435 4643 1583 4743 reliquis
1604 4643 1771 4720 hailenus
1791 4647 1925 4720 editum
1950 4671 2031 4744 pro·

1263 4745 1350 4834 siat,
1389 4747 1488 4844 juvat
1517 4753 1693 4848 integrum
1722 4747 1836 4822 rursus
1862 4747 2030 4822 exhibete

1265 4845 1433 4938 Leiloti,
1469 4851 1663 4950 expressum
1692 4875 1735 4923 ex
1765 4849 1840 4949 ipso
1868 4847 2031 4942 archety-

1266 4977 1310 5049 po
1337 4948 1506 5023 exiliente
1541 4949 1580 5023 in
1608 4949 1769 5026 Archino
1801 4949 1928 5052 insigni
1959 4953 2031 5024 Ca·

1265 5050 1475 5126 nonicorum
1503 5051 1783 5128 Mutinensrum.

1852 5149 1974 5230 Ludo-
