4592 6072
431 341 519 454 '387
719 345 1128 468 insinuit.
1190 349 1426 442 urnii
1482 355 1666 446 Anvi
1868 367 1950 474 nn

374 464 429 526 tra
455 454 667 534 sentiant&
695 461 847 540 scribant
874 472 1136 547 Canonumin·
1168 471 1201 543 Α
1248 472 1329 548 nis.
1355 471 1529 549 Omnium
1556 473 1834 575 antiquiffltnum
1861 483 2012 560 Formui
2052 511 2056 521 ·

373 569 572 660 terpretes;
601 561 714 638 immo
749 591 794 640 ne
830 571 1022 669 majoribus
1056 575 1136 673 qui·

373 649 477 748 dein,
514 661 654 757 quoties
680 685 803 767 agatur
828 669 871 744 de
897 672 1136 750 instrumentis

373 753 559 874 dumtaxat
585 765 751 869 Episcopi
777 771 925 847 Curiam
961 777 996 848 &
1031 803 1134 879 nego·

373 871 427 944 tia
445 861 732 962 respicientibus.
760 874 867 949 Certe
894 876 997 978 hujus
1023 877 1079 954 rei
1102 906 1133 954 e·

373 963 515 1060 xempla
556 967 645 1064 apud
687 974 797 1047 Italos
837 975 950 1050 nostra
994 1007 1134 1080 quoque

372 1061 574 1177 tempestate
602 1069 750 1148 minime
768 1073 1022 1156 desiderentur.
1051 1085 1132 1156 Por·

370 1185 412 1238 to
439 1187 477 1236 in
497 1165 637 1283 ,Charta
664 1174 764 1250 Anni
792 1180 1007 1256 Deccxit.
1027 1209 1133 1282 quani

372 1267 509 1362 protuli
535 1269 574 1342 in
613 1272 863 1365 Dissertatione
890 1285 952 1355 IX.
978 1287 1019 1356 de
1047 1285 1132 1378 Mil·

1249 576 1362 648 larum
1403 575 1572 676 ejusmodi
1620 577 1846 652 collebsorem
1889 581 2010 654 Gallia

1249 675 1353 750 nobis
1378 675 1532 752 servavit
1559 678 1783 770 Mareulsum,
1819 680 1918 778 cujus
1944 680 2010 754 Li·
2079 673 2082 682 ’

1250 779 1329 852 bros
1358 777 1554 854 illustravit
1589 776 1839 854 erudiiiffimiis
1879 781 2010 878 Bigno·

1248 878 1359 972 nius,
1395 879 1499 979 eique
1533 897 1668 960 veteres
1705 879 1792 954 alias
1828 882 2011 956 Formulas

1249 979 1384 1056 addidit
1417 983 1437 1054 l
1472 981 1681 1071 sirmondo,
1718 979 2011 1081 Lindenbrogio,

1233 1099 1353 1180 ,atque
1380 1083 1398 1154 b
1427 1081 1459 1155 se
1486 1081 1562 1183 ipso
1598 1081 1791 1172 colleslas,
1829 1107 1914 1178 quas
1950 1081 2011 1154 ha·
2146 1085 2148 1092 '

1250 1181 1369 1256 bernus
1391 1184 1410 1256 b
1435 1183 1578 1258 Clariss.
1601 1183 1749 1258 Basuzio
1769 1181 1882 1256 editas
1902 1183 2011 1257 Tom.

1250 1286 1295 1356 ll.
1323 1282 1520 1382 capitular.
1549 1289 1634 1385 ch.
1654 1289 1888 1357 Francorum.
1919 1284 2010 1356 Nul-

364 1361 415 1452 fis
440 1367 510 1442 &a
536 1396 726 1452 occurrunt
752 1378 822 1456 duo
857 1385 989 1458 Notarii'
1024 1393 1133 1484 Regia-
1180 1375 1206 1444 Β
1250 1385 1304 1458 lus
1330 1383 1548 1460 dubitationi
1572 1389 1670 1460 locus
1691 1383 1759 1474 esi,
1786 1381 1872 1482 quin
1892 1383 1928 1456 8(
1948 1407 2014 1482 pro

371 1467 490 1588 lares,
518 1497 589 1570 quo
616 1481 761 1556 nomine
787 1481 980 1584 designatos
1006 1487 1135 1584 opinor

370 1571 523 1646 Notrrror
547 1579 757 1672 Ordinqri'or,
784 1609 893 1684 quum
921 1587 985 1662 alii
1011 1587 1133 1662 sortas-

371 1665 407 1750 se
443 1668 575 1789 suerint
610 1699 709 1756 extra
744 1684 906 1762 ordinem
943 1687 1134 1789 aliquando

371 1769 416 1845 ad
443 1771 481 1848 id
508 1803 634 1856 munus
659 1783 810 1860 adlesli.

399 1873 488 1990 ‘Sed
503 1879 608 1994 'quod
637 1887 819 1988 praecipue
845 1890 884 1964 in
910 1887 1033 1967 oculos
1056 1919 1132 1968 oni·

371 1997 472 2048 nium
501 1983 674 2076 incurrit,
701 1987 784 2064 duni
808 1991 884 2066 absa
906 1999 1063 2070 veterui'n
1083 1997 1133 2068 le·

371 2093 530 2199 guntur,
570 2081 752 2185 imperitia
791 2093 1024 2172 Notariorum
1062 2095 1131 2186 css,

328 2267 332 2278 ι
371 2193 479 2274 atque
504 2191 732 2283 ignorantia,
768 2219 857 2292 quae
892 2195 931 2270 in
966 2195 1133 2272 omnibus

318 2294 324 2306 ·
371 2273 483 2356 ferme
509 2309 628 2362 eorum
656 2292 801 2370 Cbar'tis
836 2298 974 2374 elucet.
1010 2295 1132 2375 Inseli·
1172 2279 1203 2351 C

370 2404 449 2498 ceni
476 2386 644 2474 Latinam
672 2395 851 2497 Linguam
878 2402 1058 2499 appelles,
1095 2429 1132 2476 u·

371 2479 409 2556 bi
437 2501 493 2560 tot
512 2492 735 2572 Soloecismis
755 2525 794 2574 ac
814 2501 1042 2578 Barbatismis
1061 2500 1133 2576 soe·

371 2579 492 2660 datam
519 2585 579 2664 sub
616 2593 762 2672 illorum
799 2601 960 2676 manibus
996 2601 1131 2676 intusa&

371 2707 429 2756 re.
458 2689 637 2766 Interdum
665 2713 763 2772 tanta
783 2699 926 2774 estillic
947 2702 1132 2774 verborum

370 2808 411 2858 ac
437 2786 624 2866 liruslurae
651 2795 831 2889 confusio,
868 2816 908 2870 ut
944 2798 1023 2893 quis
1049 2797 1131 2872 scri·

368 2901 493 3000 pturae
520 2887 660 2982 sensus,
688 2921 820 2991 quaeve
856 2894 898 2970 sit
925 2895 1132 2973 contrahen-

369 3002 464 3060 tium
490 2987 670 3084 intentio,
707 2993 841 3072 etiamfi
868 2995 957 3072 scrib
985 2998 1131 3073 medite-

367 3112 429 3176 re,
456 3087 520 3164 viit
547 3091 759 3192 assequaris.
797 3101 903 3172 Nunc
933 3099 1049 3172 aeneis
1076 3117 1131 3192 ty·

367 3185 424 3288 pis
450 3186 630 3292 impressos
657 3195 823 3272 habemus
845 3201 1044 3298 complures
1066 3199 1130 3276 Li·
1170 3173 1202 3242 D

369 3289 481 3381 bros,
522 3293 793 3373 Tabellionatus
828 3300 958 3374 Artem
1001 3317 1131 3400 pertra·
1180 3351 1182 3356 ,

369 3387 531 3484 slantes,
568 3395 629 3472 ubi
666 3397 846 3476 variorum
882 3401 1130 3478 Instrumento·

367 3518 446 3568 rum
473 3491 645 3574 formulae
673 3526 736 3600 pro
762 3501 988 3602 negotiorum
1015 3503 1130 3582 diver·

367 3589 471 3670 sitatc
484 3597 786 3698 praescribuntur,
801 3607 837 3678 δι
853 3603 1046 3702 specimina
1059 3609 1130 3680 Te·

367 3693 639 3784 stamentorum,
675 3701 961 3796 codicillorum,
998 3722 1130 3780 cetero·

366 3823 517 3894 rumque
543 3799 768 3896 publicorum
795 3804 1042 3880 contrabiuutn
1071 3834 1131 3884 eii·

368 3897 555 3972 hibentur.
592 3899 652 3976 Ad
679 3901 750 3977 hos
769 3902 883 3980 fontes
910 3907 1060 4001 bibunt,
1095 3911 1129 3982 br

369 3997 411 4072 in
436 3999 606 4098 ejusmodi
635 4003 760 4080 Schola
787 4003 1015 4101 erudiuntur,
1051 4011 1128 4107 qui·

370 4125 520 4200 cumque
546 4122 689 4199 tyrones
712 4107 755 4182 ad
782 4109 1011 4186 Notariatum
1033 4139 1132 4190 exer·

370 4203 519 4278 cendum
545 4205 651 4284 hodie
669 4211 860 4286 accedunt.
888 4212 1052 4313 Plerique
1073 4241 1131 4290 ve·

370 4310 410 4376 rb
437 4307 691 4384 Mutinensrum
718 4310 757 4385 in
793 4313 889 4394 lianc¹
917 4339 992 4392 rein
1028 4333 1130 4392 utun·

372 4423 431 4479 tui·
464 4411 646 4504 Arabetypo
684 4412 985 4508 instrumentorum,
1025 4442 1132 4516 quem

370 4506 523 4584 Librum
549 4509 661 4584 edidit
689 4514 901 4590 Dominicus
926 4515 1044 4592 Maria
1071 4523 1131 4592 So·

332 4643 335 4652 a
371 4608 489 4684 lianus
516 4611 757 4688 brixellenfis.
785 4615 886 4690 Paria
913 4617 1071 4716 antiquis
1097 4643 1130 4692 e·

282 4773 284 4778 .
370 4712 461 4786 tiam
487 4712 582 4790 suere
608 4713 796 4814 praefidia,
830 4718 997 4816 nullaque
1031 4717 1132 4818 regio

265 4829 288 4836 ·’
371 4833 432 4904 aut
458 4815 600 4892 Civitas
626 4819 895 4910 numerabatur,
921 4820 979 4896 cui
1004 4845 1077 4896 non
1096 4846 1131 4894 a·

370 4921 494 5020 siquod
520 4925 756 4998 famularius»
781 4921 1001 5026 suppeteret,
1024 4938 1131 5019 atque

371 5027 589 5128 usurparetur
604 5030 644 5104 'b
672 5026 842 5106 Notariae
877 5024 982 5104 Artis
1017 5025 1129 5104 asum·

1251 1483 1387 1558 Italicis
1414 1478 1703 1561 Ta'bellionibus¹
1723 1484 1801 1558 suae
1828 1483 1943 1558 sorent
1969 1509 2011 1557 ac

1250 1586 1441 1687 peculiares
1477 1591 1720 1664 formularum
1758 1583 2012 1676 nossessiones,

1249 1715 1462 1788 quamquam
1479 1717 1535 1764 eas
1555 1707 1692 1786 tenipus
1711 1683 1904 1762 absumsisse
1922 1685 2011 1786 jam·

1249 1789 1310 1864 diu
1339 1789 1519 1866 videatur.
1547 1791 1710 1891 Antiqua
1738 1793 1821 1862 verb
1841 1787 1905 1860 illa
1926 1790 2011 1859 For·

1250 1890 1399 1965 molaria
1433 1890 1472 1965 in
1508 1891 1769 1984 desuetudinem
1812 1886 1937 1975 abire,
1973 1887 2009 1958 δι

1238 1989 1368 2066 sensitis
1389 1992 1571 2068 contemni
1590 2016 1756 2086 coepere,
1783 2013 1826 2060 eit
1847 2011 1924 2083 quo
1938 1987 2011 2058 Ro·

1249 2115 1430 2168 manarum
1459 2098 1597 2193 Legum
1625 2091 1704 2166 usus
1727 2087 1932 2163 &studium
1952 2090 2010 2160 Se·

1250 2197 1331 2270 culo
1358 2194 1491 2270 Christi
1519 2198 1599 2270 xit.
1627 2217 1754 2294 magna
1781 2187 2014 2264 contentione

1249 2295 1360 2374 animi
1387 2296 1427 2372 iii
1463 2295 1600 2372 Scholis
1635 2295 1736 2369 &in
1762 2289 1841 2366 soro
1875 2287 2012 2362 restitu-
2071 2326 2075 2332 ·

1248 2417 1325 2474 tuin
1353 2397 1418 2474 est.
1453 2400 1597 2474 Sublata
1624 2401 1708 2470 verb
1744 2391 1880 2491 prorsus
1915 2387 2012 2462 suere

1247 2503 1394 2574 Saeculo
1410 2503 1521 2571 ¹lllll.
1536 2521 1655 2594 quum
1692 2516 1818 2589 nempe
1847 2489 2011 2560 Rolandi'.

1249 2626 1309 2672 nus
1343 2607 1506 2670 Summam
1539 2597 1639 2668 Artis
1673 2591 1829 2664 Notarius
1867 2583 2012 2689 evidga·
2152 2625 2156 2632 ·

1247 2697 1324 2787 vit,
1352 2695 1450 2792 cujus
1476 2695 1589 2769 adhuc
1616 2693 1786 2768 formulae
1813 2693 1847 2764 δι
1874 2717 2012 2789 praece·

1246 2813 1306 2896 pta
1342 2795 1495 2894 plurima
1535 2796 1743 2894 usurpantur
1779 2791 1818 2866 in
1854 2789 2014 2890 publicis

1246 2895 1377 2972 tabulis
1413 2895 1692 2972 conscribendis.
1729 2898 1827 3010 Opus
1863 2891 1930 2964 hoc
1966 2891 2013 2964 il·

1246 3000 1280 3070 le
1317 2995 1432 3069 literis
1469 2995 1654 3072 mandavit
1689 2993 1833 3068 circiter
1860 2994 2013 3066 Annum

1247 3099 1441 3172 MCCLV.
1468 3099 1503 3170 δι
1530 3124 1602 3173 non
1630 3096 1735 3172 semel
1771 3093 1866 3194 typis
1900 3091 2011 3168 tradi·
2073 3119 2078 3128 ·

1247 3217 1325 3273 tuni
1351 3196 1422 3272 suit
1448 3225 1517 3274 una
1554 3225 1632 3286 cum
1672 3195 1769 3272 Petri
1804 3195 1847 3270 de
1883 3196 2011 3268 Boate·

1247 3299 1333 3392 tiis,
1360 3301 1395 3372 &
1421 3300 1591 3389 Iohannis
1620 3297 1820 3388 Nevizani,
1842 3295 2013 3370 alioruin.

1249 3428 1291 3476 ve
1327 3401 1631 3479 Commentariis.
1669 3396 1898 3472 Doslislimus
1935 3400 2012 3471 Du.

1247 3503 1430 3602 Congius,
1467 3520 1506 3576 ut
1542 3501 1631 3576 alibi
1667 3499 1776 3574 etiam
1813 3497 2015 3590 adnotavi,

1241 3602 1402 3693 censuit,
1429 3604 1651 3676 Rosandi'num
1677 3600 1776 3675 illum
1804 3623 1876 3672 non
1896 3596 2012 3672 alium

1247 3703 1346 3778 suisse
1372 3705 1391 3776 b
1418 3703 1602 3775 Rosandino
1622 3703 1808 3790 Patauino,
1826 3699 1925 3799 cujus
1945 3725 2010 3772 no·
2078 3742 2081 3748 ·

1248 3807 1357 3880 bilem
1397 3803 1590 3880 Historiam
1631 3803 1712 3878 dedi
1747 3805 1868 3876 Tomo
1907 3803 2015 3878 Vlll.

1250 3911 1379 3982 Rerum
1417 3905 1641 3980 Italicarum.
1678 3908 1718 3977 In
1754 3929 1831 3978 eam
1869 3929 2014 4001 quoque

1249 4007 1457 4084 sententiam
1484 4006 1650 4082 ronccffit
1677 4025 1757 4080 ante
1785 4031 1911 4104 paucos
1935 4029 2009 4095 ,an-

1250 4137 1312 4184 nos
1348 4097 1510 4184 Oudinus‘
1536 4109 1579 4182 de
1607 4107 1812 4208 Scriptorib.
1840 4102 2009 4178 Ecclesia·

1249 4209 1368 4288 slicis.
1392 4213 1446 4284 At
1472 4209 1578 4285 aliter
1602 4209 1670 4284 sese
1696 4235 1749 4284 res
1775 4207 1899 4282 habet.
1933 4209 2010 4298 Ro.

1250 4313 1395 4386 landino
1418 4311 1588 4387 Notariac
1604 4311 1706 4386 Artis
1726 4305 1930 4384 illustratori
1950 4333 2012 4408 pa.
2077 4317 2086 4336 ·

1250 4414 1319 4490 tria
1346 4412 1415 4488 suit
1452 4413 1639 4505 Bononia,
1676 4437 1744 4510 qua
1779 4411 1819 4484 in
1856 4409 1953 4504 Urbe
1977 4407 2014 4483 is

1251 4515 1332 4588 satis
1359 4514 1478 4615 prodit
1513 4513 1551 4588 in
1588 4511 1767 4588 Formulis
1802 4507 2011 4585 Instrumen-

1250 4635 1393 4706 tnrurn,
1420 4615 1453 4690 se
1480 4613 1641 4712 scripsisse
1669 4613 1765 4689 suum
1791 4617 1910 4712 Opus.
1938 4615 2012 4687 Ne·

1248 4745 1316 4816 que
1341 4715 1594 4807 Scardeonius,
1612 4713 1721 4790 ali-ive
1746 4713 1911 4788 Patavini
1939 4717 2011 4786 Ro·

1247 4818 1430 4894 landinum
1451 4819 1548 4894 suum
1575 4840 1929 4916 unquamagnovere
1949 4839 2011 4888 au·

1247 4919 1380 5018 &orem
1406 4919 1605 5018 hujusmodi
1627 4918 1750 4995 Libri.
1774 4915 1936 5014 Denique
1954 4913 2010 4988 di·

1248 5019 1483 5124 sputationcni
1510 5047 1651 5098 omnem
1680 5021 1804 5098 tollere
1831 5014 1942 5192 podatis
1972 5041 2008 5090 e·

1889 5135 1961 5194 1le
