4536 6064
268 433 356 517 733
566 396 937 488 nusrrrnrro
978 357 1496 520 uurnurnnrorrr.
1706 437 1736 540 ⁷.
1740 437 1793 518 34

207 543 303 594 roem
331 536 416 592 tunc
442 516 552 592 risam
581 515 682 592 luisse
706 519 868 594 onmium
894 523 972 594 Ser·
1014 525 1048 595 A
1083 540 1280 618 procreatur,
1317 523 1517 604 orirerur,
1557 549 1625 596 eum
1650 547 1734 592 emur
1757 545 1851 620 pecn-
1950 551 1953 574 =

207 645 333 694 vorum
364 617 698 708 Manumiffionem‚
739 621 880 720 quoties
920 639 970 696 te·

207 719 312 796 stator
339 719 434 796 filios
454 721 525 822 poll
549 720 583 795 se
602 724 845 822 relinquebat:
867 722 970 798 'ideo-

206 849 276 922 que
296 822 522 910 constitutum
544 821 666 914 inille,
693 846 733 900 ut
755 851 876 900 eorum
902 845 971 900 ter·

207 925 261 1002 tia
288 951 365 1023 pars
401 924 488 1000 liliis
524 925 657 1000 intabla
693 926 970 1028 relinqueretur.

207 1029 264 1100 lta
289 1051 431 1126 quoque
458 1027 614 1100 eamdem
643 1032 777 1128 Legem
797 1029 971 1131 interpre-

207 1145 304 1204 tatus
329 1127 375 1204 est
409 1132 561 1204 Carolus
596 1131 638 1205 de
678 1135 802 1206 ‘socco
828 1137 969 1233 Lango-

208 1229 427 1308 bardicarum
444 1235 582 1332 Legum
599 1231 750 1308 vetustus
774 1237 969 1332 Interpres.

258 1335 428 1408 Ceterum
456 1333 607 1408 minime
645 1336 874 1434 cogitandum
902 1335 970 1426 est,

1085 623 1167 698 liare
1190 644 1246 694 rue
1271 621 1353 720 (ita
1379 622 1511 724 quippe
1529 624 1770 724 «appellabant
1795 623 1852 698 ina

1085 723 1224 799 tertium
1256 723 1438 803 Peculium
1455 727 1491 824 ):
1535 726 1579 796 (9
1614 752 1667 798 nee
1692 725 1772 798 mihi
1797 753 1850 798 nee

1085 827 1148 898 ulli
1174 829 1332 900 Heredum
1358 851 1492 898 meorum
1528 827 1653 898 nullum
1685 827 1851 922 impendar

1079 927 1272 1019 sacricium,
1290 956 1363 1017 ¹trec
1387 928 1606 1008 hominium..
1621 955 1675 1000 nee
1700 932 1850 1002 Liberta-

1083 1032 1200 1111 tirum,
1235 1032 1415 1103 tertullum
1449 1029 1659 1126 Obsequium,
1694 1058 1747 1102 rer
1783 1037 1850 1104 Pa-

1086 1133 1275 1204 rronerr'cum
1312 1129 1385 1212 &n
1421 1135 1476 1204 En
1516 1151 1606 1229 quot
1642 1131 1849 1206 nominibus

1085 1233 1139 1332 jus
1167 1237 1400 1309 Patronorum
1428 1232 1465 1306 in
1493 1233 1662 1308 Libertus
1693 1231 1848 1336 designa*

1084 1354 1200 1409 retur.
1238 1340 1417 1410 Praeterea
1444 1361 1551 1432 quum
1581 1335 1740 1410 animum
1767 1361 1849 1432 erga

207 1433 325 1510 servis
352 1459 563 1534 quamquam
593 1435 810 1510 manumiffis
830 1441 970 1518 olenarn
1023 1435 1270 1516 Bdonatores
1296 1436 1476 1537 ingratum
1503 1435 1680 1512 aversetur
1701 1435 1847 1612 ipsares
2004 1471 2010 1483 ·

206 1535 360 1632 semper.
399 1536 714 1634 omnimodamque
748 1539 970 1616 Libertatem

209 1636 413 1737 contigille.
451 1642 544 1712 Nam
580 1641 615 1712 u
643 1665 687 1716 ex
714 1641 864 1740 antiquo
901 1647 969 1718 Ro·

208 1763 392 1831 manorum
420 1739 496 1839 jure
531 1741 582 1814 ita
609 1740 708 1814 Serri
745 1742 869 1818 Liberi
896 1745 969 1819 effi·

208 1839 414 1926 ciebantur,
451 1860 491 1914 ut
518 1842 659 1940 aliquid⁸
682 1843 971 1940 audioritatisin

207 1941 291 2014 illos
318 1940 430 2016 adbuc
456 1941 495 2016 in
523 1945 799 2032 manumittente
820 1946 972 2022 servare-

206 2060 285 2120 tur.
316 2045 372 2117 Ad
399 2042 484 2120 baec
510 2062 631 2130 erent,
658 2047 721 2145 qni
749 2047 858 2122 variis
884 2075 971 2122 con·

206 2143 427 2234 ditionibus,
464 2167 504 2218 ac
541 2147 707 2222 oneribus
742 2151 971 2226 manumilios
1024 2179 1029 2190 ·

205 2245 427 2344 gravabant.
473 2249 641 2342 Exempli
681 2249 797 2324 causei
837 2253 966 2328 Servili

1084 1537 1140 1612 ela
1167 1539 1283 1622 ratio,
1321 1539 1696 1636 propterea'Libertos
1748 1563 1847 1614 uma*

1085 1665 1150 1713 nae
1165 1646 1277 1740 Leges
1297 1665 1367 1714 non
1387 1639 1492 1714 semel
1512 1639 1744 1730 damnarunt,
1758 1667 1849 1739 quoe

1083 1741 1151 1815 ties
1176 1741 1335 1834 obsequii
1364 1768 1444 1838 erga
1475 1746 1666 1823 Patronus,
1692 1742 1848 1840 accepti-

1083 1869 1151 1941 que
1178 1841 1340 1918 beneficii
1368 1842 1593 1918 immemores
1629 1841 1697 1916 lese
1724 1843 1848 1942 pffldee

1085 1946 1190 2018 bant.
1233 1945 1263 2019 li
1290 1971 1415 2043 nempe
1441 1947 1549 2020 etiam
1578 1945 1668 2034 apud
1695 1946 1848 2022 Latinos

1085 2043 1124 2120 ἃ
1151 2050 1303 2120 Graecos
1330 2055 1349 2122 e
1376 2044 1572 2122 Libertatis
1599 2046 1673 2144 jure
1708 2045 1849 2120 excide·

1086 2149 1191 2230 bant,
1218 2147 1417 2246 iterumque
1444 2147 1481 2222 in
1502 2145 1691 2222 Servitutis
1715 2168 1848 2224 nexum
1895 2229 1902 2242 ⁸

1084 2250 1357 2324 revocabantur.
1400 2249 1438 2322 ld
1467 2267 1621 2330 ,cautum
1661 2247 1781 2322 rideas
1807 2249 1848 2322 in

206 2361 345 2420 tanturn
373 2347 519 2422 nomine
544 2349 686 2440 demto,
728 2353 772 2425 ab
799 2351 848 2428 iis
869 2353 938 2427 obs
953 2401 964 2418 ·
1012 2351 1056 2424 C'
1084 2349 1221 2424 Codice
1245 2349 1493 2427 Theodofiano
1529 2376 1570 2424 ae
1603 2347 1846 2440 Jullinianeo,

205 2447 353 2546 quium.
390 2469 451 2522 aut
486 2449 667 2526 consuetas
702 2479 846 2552 operas,
883 2455 969 2530 soli·

203 2565 353 2646 tumque
389 2576 496 2644 paene
529 2549 714 2627 servitium
749 2557 967 2658 exigebant,

204 2669 266 2724 aut
293 2651 377 2724 illos
404 2653 445 2722 ad
473 2650 613 2726 censum
641 2655 797 2753 aliquem
823 2659 966 2733 redden·

205 2750 501 2846 dum·.quotattnis
520 2755 729 2854 adigebant.
749 2761 856 2856 Apud
877 2761 966 2834 Scri·

205 2866 324 2950 ptores
364 2859 517 2926 francos
536 2875 745 2942 ‚occurrunt
784 2861 967 2950 Crlilrerrr',

206 2978 277 3028 non
300 2953 439 3026 Liberti
453 2952 621 3049 quidem,
637 2953 692 3026 sed
713 2955 842 3041 species
861 2983 968 3054 quae·-

206 3053 287 3129 dam
309 3051 521 3126 famulorum
544 3053 704 3129 Domino
722 3055 967 3149 addictorum,

1085 2473 1191 2549 atque
1216 2451 1254 2526 in
1283 2449 1489 2533 Pandeais.
1515 2469 1556 2526 ut
1583 2469 1717 2526 veteres
1735 2453 1847 2526 omit·

1084 2571 1160 2628 tam
1194 2554 1414 2653 Scriptores,
1454 2553 1517 2652 qui
1553 2551 1720 2630 concordi
1757 2571 1845 2630 vnto

1084 2656 1247 2744 tradunt,
1291 2657 1457 2732 Libertns
1491 2655 1538 2730 ob
1572 2653 1704 2753 ingrati
1732 2652 1846 2730 animi

1084 2757 1215 2830 vitium
1252 2758 1290 2832 in
1326 2757 1504 2858 priliinam
1540 2755 1755 2832 Servitutem
1791 2782 1864 2837 re·.

1082 2858 1224 2940 ciditle.
1269 2876 1331 2932 aut
1374 2855 1523 2932 teliandi¹
1557 2859 1613 2956 ius
1652 2856 1704 2934 eir
1743 2854 1845 2933 iuilie

1082 2960 1262 3036 ablatum.
1297 2984 1491 3058 eorumque
1524 2957 1673 3057 proinde
1709 2957 1844 3036 beredi-

1081 3073 1192 3128 tatem
1219 3059 1261 3128 ad
1291 3061 1463 3132 Patrnnos
1488 3059 1628 3155 peculii
1664 3058 1706 3134 td
1741 3057 1846 3134 instar

206 3157 241 3228 δι
267 3153 401 3231 Servili
426 3155 633 3229 conditione
659 3155 800 3254 potior,
827 3158 881 3232 sed
904 3159 971 3234 Li·
1052 3155 1294 3273 'perreniffm
1335 3156 1452 3274 Unicb
1485 3159 1698 3234 aubloritate
1737 3179 1844 3244 utar,

208 3255 595 3344 bertam-eimnmcisl,
637 3276 677 3330 ut
711 3261 847 3342 arni,
888 3263 970 3334 Ma-
1010 3263 1044 3334 l)
1082 3283 1208 3358 nempe
1235 3261 1332 3358 Lege
1359 3258 1473 3357 prtmd
1494 3261 1585 3334 Cod.
1605 3259 1843 3338 Theodofiani

205 3380 344 3444 erem..
368 3359 593 3454 didissstut
627 3359 838 3436 alii=medii
875 3361 971 3436 inter

205 3459 374 3576 Libertqs
399 3485 442 3534 ao
467 3464 621 3534 Servos.
648 3464 782 3536 Verbm
803 3489 882 3538 anx
907 3463 969 3540 ista

206 3562 248 3636 ed
268 3559 530 3662 srgntficatione
553 3561 657 3656 apud·
677 3565 790 3639 ltalos.
810 3567 969 3642 nondum

206 3661 312 3742 mihi.
338 3663 527 3739 necturit.
566 3663 665 3739 Huic
687 3685 838 3740 mutetur
865 3669 933 3767 juri
957 3688 969 3752 ²,

206 3763 310 3862 quodl
327 3765 365 3838 in
394 3763 480 3838 snos.
497 3763 689 3840 Libertos‘
707 3767 850 3842 Patroni
878 3770 967 3844 reti-

206 3866 347 3941 nentur
364 3864 429 3960 l&
457 3865 600 3964 quidem
627 3869 760 3940 rerinere
780 3869 905 3954 libiner
933 3873 968 3944 r'rr

206 3968 251 4041 eir
263 3965 438 4064 ebleqer'um
457 3967 623 4042 dicuntur
642 3969 681 4043 in
699 3969 870 4044 Concilio
890 3977 969 4046 To-

205 4068 327 4166 letano
352 4069 441 4167 apud
459 4069 710 4147 ¹burchardum
724 4073 809 4146 Lib.
826 4077 966 4173 accep.

206 4174 301 4266 ος.)
325 4169 408 4246 buie
427 4170 573 4269 inquam
594 4172 663 4270 juri
685 4175 895 4260 Patmmmn
911 4175 968 4248 in-
991 4172 1036 4273 j!

206 4270 344 4346 terdnm
373 4272 411 4346 i'n
439 4271 716 4348 Mannmiffione
734 4277 883 4350 Domini
903 4274 966 4378 ipli
1048 4242 1055 4353 l

206 4374 477 4460 renuntiabant.
514 4373 625 4448 Vide'
644 4375 886 4476 Appendicem
924 4378 985 4452 ad·

206 4474 426 4549 Marcellum
451 4479 563 4550 Toni.
586 4500 620 4550 a.
643 4479 841 4578 Capitular.
861 4482 969 4553 balu-

207 4575 258 4650 zii
284 4579 373 4674 Cap.
390 4582 453 4671 48.
482 4579 536 4652 lbi
561 4577 693 4678 legitur
722 4581 969 4677 Redemptiorra·

205 4677 257 4759 le,
284 4676 350 4750 boe
369 4676 416 4750 est
433 4679 533 4754 Serri
554 4678 808 4754 Manumiffio:
837 4681 877 4756 in
901 4707 970 4781 qua

206 4776 419 4862 Dominus,
452 4797 594 4880 recepto
630 4785 746 4882 pretio
777 4785 800 4856 b
838 4785 971 4867 Suro,

204 4904 290 4954 -eurn
312 4879 497 4956 Libertate
521 4883 653 4964 donat,
670 4883 758 4959 baec
783 4883 878 4960 inter
900 4883 971 4960 alia

209 4981 396 5079 inquiens:
420 4989 463 5056 ue
481 4983 593 5056 taliter
601 4982 670 5070 liar
691 4985 868 5082 ingeneret.
886 5007 971 5058 earn-

204 5109 303 5181 qeen
329 5083 432 5172 stab
456 5085 606 5184 inge-m
634 5083 829 5184 ‚prunidus
861 5084 972 5186 fallier

1082 3361 1162 3433 Tit.
1194 3359 1238 3461 de
1274 3360 1454 3441 Liberos.
1493 3369 1532 3436 in
1567 3385 1637 3458 qua
1672 3361 1845 3436 Constan-

1082 3461 1180 3539 tinus
1219 3464 1373 3560 Magnus
1408 3461 1493 3536 baec
1526 3460 1666 3536 statuit:
1705 3461 1846 3536 Libenis

1082 3563 1220 3658 ingratis
1247 3565 1282 3636 in
1308 3567 1435 3638 sember
1467 3563 1545 3656 jera
1579 3562 1715 3657 aduersa
1742 3563 1843 3656 June,

1082 3663 1171 3748 urst
1194 3667 1332 3761 quadan
1362 3665 1528 3758 inflemini
1561 3667 1617 3742 arel
1650 3669 1843 3739 ererumerid

1081 3766 1213 3838 err-uires
1237 3767 1411 3849 erexerint,
1428 3790 1488 3842 eur
1511 3765 1751 3862 levireffenlee
1770 3791 1843 3838 ror·-

1081 3869 1239 3942 rrnnerr'nr
1263 3871 1409 3966 eulpam,
1434 3873 1456 3940 d
1481 3869 1632 3944 Patronis
1658 3868 1763 3956 rursus
1781 3865 1843 3958 [ab

1081 3968 1214 4066 imperia
1238 3971 1449 4065 adiciamque
1474 3973 1663 4046 minentur.
1689 3971 1774 4062 Quo
1803 3967 1842 4046 iu

1079 4071 1162 4144 loco
1201 4069 1294 4146 louet
1333 4071 1573 4146 Libertorum
1604 4069 1767 4152 fortuna,
1805 4070 1842 4144 de

1107 4177 1188 4250 'aaut'
1213 4169 1320 4246 fenile
1354 4172 1401 4248 iis
1434 4172 1540 4246 litern
1579 4171 1734 4248 excitare
1762 4168 1841 4262 pol·

1080 4197 1160 4361 lent
1178 4274 1344 4354 Patroni,
1363 4271 1446 4348 bine
1465 4273 1724 4373 intelligimus.
1745 4275 1842 4348 Lan·

1080 4373 1279 4473 g'obrrdicis
1318 4395 1435 4450 tameo
1464 4395 1582 4473 vatque
1623 4371 1841 4470 subsequutit

1080 4475 1216 4550 Securis
1241 4499 1324 4550 noo
1339 4477 1372 4548 le
1396 4501 1421 4548 o
1443 4475 1634 4556 obtinuill'e
1657 4473 1843 4550 consuetu·

1079 4577 1198 4652 dinem
1218 4575 1340 4658 illam,
1366 4501 1435 4650 lire
1455 4582 1612 4678 Legem3
1637 4575 1698 4675 qui
1719 4575 1838 4658 enirn,

1078 4678 1162 4752 dum
1203 4703 1274 4752 non
1302 4697 1431 4752 contra
1452 4681 1566 4780 leges,
1601 4677 1737 4795 integi
1771 4676 1838 4752 Li·

1078 4781 1214 4855 bertate
1240 4782 1390 4855 donatus
1413 4799 1516 4862 erat,
1542 4777 1695 4852 baninu
1799 4803 1835 4858 eq

1048 4843 1159 4957 lbat.
1187 4885 1312 4978 Neque
1338 4879 1461 4954 iisdem
1489 4879 1708 4977 temporibus
1730 4903 1748 4954 a
1797 4876 1837 4955 id

1077 4981 1243 5054 Libertini
1263 4983 1388 5072 gereris
1413 4980 1570 5056 habitam
1597 4979 1697 5054 iuiffe
1726 4979 1836 5054 rario-

1076 5108 1184 5165 nem,
1206 5083 1263 5160 uti
1288 5082 1460 5160 Romanis
1484 5078 1836 5258 Impmiiissif*
