4594 6070
400 363 551 548 Γ,ος
730 361 1169 485 Anrrourr.
1231 361 1485 457 nrorr
1531 365 1726 458 Arri
1897 305 1986 482 304'

458 503 527 594 ‘eni
555 473 751 579 spesi'ancia
778 508 859 558 curn
878 501 959 558 toto
978 511 1043 574 eo,
1070 483 1165 586 quod
1200 484 1251 556 Α·
1278 538 1304 580 ,,

401 620 428 676 ,2
455 579 551 656 idern
586 579 817 682 Episcopatus
843 586 878 657 &
904 583 1058 660 Ecclesia
1093 591 1166 662 Lu·

401 721 429 762 ,2
456 680 567 765 nenhs
602 679 708 758 habet
741 686 777 758 δι
812 703 933 780 tenet,
969 690 1027 762 vel
1063 687 1165 764 habe·

401 825 428 864 „
457 781 516 856 bat
541 785 576 856 &
606 785 773 879 tenebat,
801 791 859 862 vel
886 816 950 888 pro
975 787 1053 890 ipso
1080 789 1163 890 Epi·

400 927 427 966 ,‚
455 879 559 982 scopo
586 883 644 959 seu
680 887 755 986 ipsd
790 891 942 964 Ecclefid
975 890 1167 966 habebatur

401 1029 428 1068 „
454 984 489 1056 δι
517 985 724 1080 tenebatur,
761 993 820 1064 vel
847 1009 987 1067 tenetur
1011 996 1070 1066 vel
1107 993 1162 1066 ha-

399 1129 427 1169 „
455 1085 581 1180 betur,
619 1091 676 1164 vel
712 1091 816 1166 debet
843 1095 954 1168 teneri
982 1098 1016 1167 δι
1044 1095 1164 1168 haberi

400 1184 493 1272 „in
530 1189 721 1266 Castris&
749 1196 868 1296 Burgo
905 1195 1094 1296 predislis,
1130 1199 1164 1270 8(

400 1332 427 1371 si
454 1315 576 1366 eorum
605 1291 895 1389 pertinenciis&
922 1297 1102 1384 dillrislu,
1127 1299 1164 1372 in

400 1434 427 1474 ‚,
454 1393 648 1484 Curtibus,
685 1395 875 1490 domibus,
911 1398 1162 1499 jurisdisiioni-
1211 1389 1237 1460 Β
1279 1453 1307 1494 ,,

399 1537 427 1578 ,,
455 1492 540 1586 bus,
580 1498 767 1589 vasallis,
804 1501 984 1589 villanis,
1019 1501 1164 1575 redditi·

400 1639 426 1679 „
454 1593 539 1686 bus,
577 1599 702 1674 annuis
730 1601 1019 1700 prestationibus,
1056 1602 1163 1700 pisca·

397 1741 425 1782 „
453 1695 640 1794 tionibus,
678 1703 954 1795 venationibus,
991 1703 1164 1778 molendi·

400 1843 427 1883 ω
455 1799 538 1888 nis,
575 1801 698 1900 aquis,
735 1807 965 1895 nemoribus,
1003 1804 1162 1905 pascuis,

401 1943 427 1985 ‚i
456 1899 747 1997 possessionibus,
774 1911 809 1980 δι
837 1905 1056 2005 quibuslibet
1082 1907 1163 1980 aliis

400 2001 555 2087 „rebus
592 2031 816 2105 quocumque
849 2009 996 2082 nomine
1030 2035 1161 2084 nuncu·

396 2147 425 2188 ”
451 2107 1162 2310 sfsllztshllszdiligtiis

312 2297 314 2304 ¹
397 2251 425 2289 ss
782 2241 800 2286 u
877 2241 936 2286 ror
1148 2255 1158 2276 .
1279 2268 1304 2309 „

396 2351 424 2393 „
452 2309 633 2384 curatorio
671 2313 818 2388 nomine
853 2312 959 2406 ipsius
994 2309 1167 2413 Episcopi
1204 2299 1234 2368 C
1277 2369 1302 2410 „

398 2455 424 2495 ‚i
442 2411 486 2482 ’δι
511 2407 742 2514 Episcopatus
766 2416 937 2492 Lunenhs
956 2416 1070 2490 eidem
1091 2419 1159 2491 Co·

394 2555 424 2597 ,‚
451 2510 536 2586 miti
563 2532 681 2589 rorum
710 2517 768 2606 id,
805 2519 898 2615 quod
927 2518 1059 2590 nobilis
1087 2543 1155 2592 mu·

397 2657 424 2698 2,
450 2611 520 2686 lier
546 2621 665 2690 Druna
690 2618 842 2689 Matisda
867 2619 905 2690 in
933 2618 1090 2690 Erudi'im
1119 2619 1162 2688 ab

396 2759 425 2798 ‚‚
451 2713 693 2815 Episcopo&
732 2717 886 2790 Ecclesia
921 2715 1074 2789 Lunenfi
1111 2733 1157 2788 te·

396 2859 423 2899 ,‚
450 2815 593 2906 nebat,
630 2815 688 2898 seu
721 2829 848 2890 'tenere
883 2814 1068 2894 consuevit
1104 2817 1161 2889 vel

297 2947 303 2954 ·
396 2959 423 3000 ,‚
450 2914 574 2990 debuit
600 2915 639 2988 in
666 2919 849 3012 Carpena,
886 2914 1058 3018 Veligna‚
1094 2921 1160 2992 Fo·

397 3061 424 3100 2,
450 3017 515 3106 lo',
552 3017 587 3090 δι
624 3019 845 3108 Vallerann,
881 3017 950 3092 five
988 3025 1161 3108 Vezano,

397 3163 423 3202 ,‚
451 3119 509 3192 vel
554 3117 771 3216 ubicumque
814 3120 858 3193 de
901 3118 1001 3192 diblo
1040 3118 1161 3192 Feudo
1290 3179 1302 3215 ,

396 3217 602 3303 „Lunensi
632 3221 688 3294 vel
714 3218 873 3310 Januensi
903 3219 1037 3320 poterit
1064 3243 1156 3318 repe·
1201 3203 1231 3270 D
1276 3275 1302 3316 ,‚

393 3363 422 3404 ‚‚
448 3319 535 3394 riri.
570 3325 619 3394 Et
645 3319 759 3422 ipsum
786 3323 971 3398 Comitem
998 3321 1037 3397 in
1065 3320 1159 3397 se&

336 3463 338 3466 ·
394 3465 421 3505 ‚‚
447 3419 527 3497 suos
561 3421 703 3498 heredes
740 3423 974 3500 masculos&
1009 3421 1160 3499 seminas

394 3569 422 3608 „
448 3525 694 3614 procuratorio
719 3527 866 3602 nomine
891 3527 981 3602 dieti
1014 3525 1158 3622 Episco-

396 3667 422 3708 υ
450 3625 486 3725 pi
513 3628 548 3697 δι
575 3625 808 3724 Episcopatus
839 3627 1010 3704 Lunenhs
1036 3627 1080 3700 de
1106 3625 1157 3702 su·

395 3769 422 3810 2,
450 3724 652 3824 proscriptis
671 3729 837 3802 omnibus
855 3731 1084 3826 perpendam
1102 3732 1156 3803 ba·

395 3869 422 3908 2,
448 3827 553 3899 calam
579 3829 811 3927 corporaliter
836 3833 871 3904 δι
898 3829 1159 3930 presentialiter

395 3969 423 4008 υ
449 3925 656 4004 investivit:
695 3928 747 4004 ita
773 3949 892 4006 tamen
920 3932 1015 4031 quod
1042 3932 1158 4008 dislus

396 4071 423 4110 n
449 4035 603 4121 Comes,
629 4033 664 4106 ἃ
692 4033 766 4130 ejus
793 4033 958 4127 heredes,
986 4032 1066 4110 sive‘
1083 4033 1156 4108 suc·

396 4173 422 4212 υ
449 4133 611 4208 cedentes
654 4131 718 4254 ipli
758 4135 934 4228 Comici,
983 4139 1043 4212 vel
1083 4139 1157 4237 ejus
1200 4109 1228 4178 E

395 4233 633 4316 „heredibus
670 4263 710 4310 in
744 4237 844 4313 diso
882 4233 1003 4314 Eeudo
1042 4238 1157 4338 ipsum

395 4375 423 4415 is
451 4336 648 4412 Dominum
680 4338 894 4440 Episcopum
920 4343 955 4415 δι
982 4342 1057 4440 ejus
1083 4340 1155 4414 suc·

396 4475 423 4516 a,
450 4437 593 4513 eefl'ores
620 4465 701 4515 eum
728 4439 798 4514 suis
823 4441 1057 4541 sequacibus,
1093 4441 1157 4539 qui

397 4577 423 4619 ri
450 4563 521 4613 uon
557 4539 625 4616 fiat
658 4540 802 4616 inimici
838 4542 943 4640 ipsius
969 4543 1157 4634 Comitis,

395 4677 422 4721 s,
449 4642 507 4715 vel
530 4639 699 4726 heredum
719 4645 796 4744 ejus
813 4641 870 4718 seu
896 4643 1156 4720 succedentium

394 4784 421 4828 η
446 4743 548 4842 ejus,
584 4747 641 4820 vel
677 4743 747 4820 suis
782 4743 966 4822 heredibus
992 4747 1032 4822 iii
1058 4745 1157 4824 dieto

393 4887 422 4930 η
447 4844 588 4940 Feudo,
607 4846 763 4949 recipere
777 4847 819 4923 ad
841 4845 1040 4925 faciendum
1057 4875 1156 4952 guer-

394 4990 420 5034 ‚‚
445 4973 521 5024 rant
547 4975 628 5025 cum
645 4949 862 5027 bominibus
897 4950 936 5026 in
963 4951 1053 5027 locis
1080 4979 1157 5054 pre·
1273 5007 1299 5046 „

393 5049 553 5140 „distis
578 5053 773 5132 abeodem
809 5058 1042 5132 Procuratore
1071 5079 1156 5132 coa·
1274 5107 1302 5151 „

1277 2417 1429 2512 „mine
1463 2415 1551 2489 dieti
1588 2411 1817 2502 Episcopi&
1850 2404 1979 2506 Episco

1276 2571 1302 2612 „
1329 2535 1386 2590 tus
1412 2514 1582 2590 Lunensis
1609 2511 1779 2586 consessus
1814 2505 1885 2580 suit
1920 2503 1954 2580 se
1980 2431 2043 2580 ha.

1331 483 1451 576 cellis,
1477 481 1638 562 inimicis
1666 485 1835 564 Lunenfis
1860 483 2049 578 Ecclesie,

1279 639 1304 682 „
1332 613 1372 662 ac
1398 587 1543 689 juvare,
1578 615 1779 688 recuperare
1816 589 1890 688 jura
1916 589 1952 658 &
1981 588 2045 660 bo·

1280 715 1377 782 „na
1417 688 1588 765 Lunensis
1628 688 1858 788 Episcopatus
1878 743 1905 806 ,·
1929 689 1963 759 δι
2001 712 2043 762 ea

1280 843 1306 987 33
1332 787 2044 988 llisssffis‘ihhttilffl‘’,ilit

1280 1047 1305 1088 ‚,
1333 1019 1407 1069 rani
1433 997 1468 1068 &
1496 994 1662 1070 devetum
1700 992 1852 1094 propriis
1888 987 2043 1088 expensis

1280 1149 1305 1190 „
1333 1095 1489 1196 ipsorum
1516 1095 1703 1170 hominurn
1733 1123 1792 1196 per
1815 1109 1933 1166 totum
1957 1091 2046 1190 Epi·

1279 1249 1304 1291 „
1332 1195 1512 1296 scopatum
1538 1197 1739 1273 Lunensem
1763 1191 2043 1295 persecutoribus

1280 1350 1305 1391 ,,
1332 1299 1502 1374 Lunensis
1530 1297 1682 1374 Ecclefie
1708 1297 1850 1396 sacere3
1878 1319 2041 1369 necnon

1333 1400 1447 1474 eidem
1469 1401 1629 1475 Domino
1649 1399 1847 1500 Episcopo,
1865 1395 1929 1496 qui
1948 1421 2043 1468 nunc

1279 1553 1305 1597 „
1332 1500 1403 1594 est,
1437 1505 1471 1575 δι
1499 1503 1560 1595 ei,
1595 1501 1658 1600 qui
1686 1527 1748 1602 pro
1774 1500 1941 1598 tempore'
1968 1495 2045 1572 sue·

1281 1657 1305 1698 „
1332 1603 1408 1694 rit,
1443 1605 1479 1676 ἃ
1506 1605 1703 1679 exercitum
1730 1600 1854 1677 fecerit
1881 1625 1944 1699 pro
1971 1602 2044 1670 Ro-

1280 1757 1306 1800 „
1334 1731 1438 1779 mana
1465 1704 1641 1798 Ecclesia,
1673 1707 1730 1780 vel
1758 1731 1824 1804 pro
1850 1705 2043 1800 Imperato-

1279 1859 1305 1902 „
1331 1834 1391 1898 re,
1429 1809 1486 1881 vel
1522 1807 1600 1882 suos
1637 1807 1773 1882 milites
1809 1823 1870 1880 aut
1906 1799 2041 1900 pedites

1279 1961 1304 2002 „
1332 1906 1496 2000 miserit,
1537 1907 1705 2008 predislis
1740 1903 1954 1980 exercitibus
1990 1899 2041 1976 sa·

1280 2063 1304 2104 „
1331 2009 1466 2083 ciendis
1485 2008 1660 2084 auxilium
1681 2005 1883 2106 impendere
1897 2023 2041 2078 tenean-

1279 2165 1304 2207 „
1331 2129 1417 2184 tur.
1460 2113 1529 2183 Pro
1571 2111 1670 2208 cujus
1711 2106 1821 2182 Feudi
1863 2103 2040 2192 datione,

1331 2209 1577 2299 concessione,
1612 2212 1648 2285 tc
1684 2205 1908 2284 investitura
1928 2203 2044 2304 predi·

1329 2314 1407 2389 sius
1448 2317 1660 2388 Procurator
1701 2307 1943 2412 procuratorio
1978 2329 2044 2376 no·

2005 2431 2042 2480 a·

1276 2669 1301 2710 „
1331 2615 1439 2688 buisse
1464 2613 1689 2708 &recepisse
1716 2613 1736 2684 i
1772 2607 1934 2710 predislo
1967 2611 2043 2694 Co,-

1275 2769 1300 2810 „
1328 2715 1419 2789 mite
1444 2715 1573 2789 Libras
1601 2719 1678 2790 XL.
1705 2713 1880 2787 bonorum
1907 2727 2044 2809 argent.
2086 2777 2089 2784 .

1275 2871 1300 2913 ‚‚
1328 2815 1508 2921 Imperial.
1553 2814 1794 2890 renuntiando
1834 2809 2043 2908 exceptioni

1276 2971 1301 3012 ‚,
1329 2945 1402 2992 non
1428 2935 1633 3005 numerate,
1660 2914 1805 3003 habite,
1840 2914 1875 2984 dc
1902 2931 2046 3012 recepte

1277 3071 1302 3114 „
1329 3018 1502 3114 pecunie,
1538 3019 1573 3089 ἃ
1609 3015 1711 3090 omni
1747 3013 1837 3104 alii,
1869 3013 1904 3086 ἀ
1933 3014 1966 3085 le

1277 3173 1286 3206 ,
1328 3119 1494 3208 auxilio,
1530 3119 1564 3192 ἀ
1592 3119 1739 3191 nomine
1765 3115 1870 3216 ipsius
1896 3039 2047 3215 Episco-

1991 3013 2046 3090 ali

1331 3221 1368 3318 pi
1404 3219 1647 3321 promittendo
1683 3218 1816 3294 dietam
1855 3217 2045 3316 pecuniam

1275 3377 1300 3416 „
1328 3321 1583 3398 inutilitatem
1611 3319 1783 3396 Lunensis
1809 3316 2048 3418 Episcopatus

1274 3423 1481 3518 „fideliter
1516 3423 1707 3502 exhibere.
1747 3421 1823 3518 Qui
1862 3419 2048 3495 Dominus

1274 3579 1299 3623 „
1328 3526 1527 3600 Nicholaus
1553 3527 1686 3598 Comes
1720 3519 1904 3600 Lavaniae
1936 3519 2045 3620 supra

1275 3682 1301 3724 „
1326 3626 1427 3702 disio
1454 3625 1679 3700 Procuratori
1706 3623 1896 3724 recipienti
1923 3623 2050 3700 nonii·

1274 3785 1300 3826 „
1328 3757 1372 3804 ne
1407 3727 1496 3804 disli
1533 3726 1699 3824 Episcopi
1736 3731 1771 3802 ἃ
1807 3723 2050 3826 Episcopatus

1275 3887 1300 3928 „
1327 3829 1501 3908 Lunenss
1528 3855 1592 3928 pro
1618 3829 1785 3904 omnibus
1811 3827 1874 3904 libi
1902 3827 2050 3904 conces.
2165 3913 2167 3917 ι

1276 3991 1301 4031 ,,
1328 3933 1370 4006 sis
1395 3937 1430 4006 &
1457 3931 1550 4006 datis
1577 3929 1790 4006 fidelitatem
1825 3927 1961 4032 juravit
1986 3947 2050 4006 ta.

1275 4091 1301 4134 „
1328 4036 1395 4110 etis
1431 4033 1658 4109 sacrosauslis
1699 4031 1940 4134 Evangeliis,
1975 4059 2048 4132 pro

1276 4195 1301 4232 „
1329 4157 1375 4212 ut.
1395 4137 1434 4212 in
1461 4135 1648 4211 fidelitatis
1675 4136 1849 4234 Capitulo
1875 4133 2046 4210 contine·

1273 4297 1302 4334 „
1327 4260 1405 4314 tur.
1441 4243 1523 4314 Hoc
1557 4238 1638 4312 asto
1673 4238 1848 4337 expresse,
1883 4235 1978 4336 quod
2014 4235 2044 4312 si

1274 4397 1299 4434 „
1327 4342 1462 4415 dissum
1489 4339 1673 4416 Comitem
1702 4343 1758 4414 vel
1785 4340 1860 4441 ejus
1881 4337 2046 4416 heredes

1274 4497 1299 4536 „
1327 4442 1385 4516 seu
1411 4442 1632 4518 succedentes
1659 4442 1693 4517 ei
1719 4444 1778 4516 vel
1805 4441 1874 4516 suis
1900 4439 2047 4518 heredi·

1274 4599 1301 4639 „
1328 4546 1391 4618 bus
1426 4544 1464 4618 in
1501 4545 1599 4618 dieto
1634 4545 1754 4618 Eeudo
1790 4543 1945 4643 predisia
1978 4547 2046 4619 vel

1274 4702 1300 4740 „
1326 4645 1464 4745 aliquid
1493 4645 1730 4747 predislorum
1751 4645 1944 4746 aliquando
1963 4671 2044 4720 non

1270 4803 1301 4842 „
1326 4747 1510 4824 observare
1530 4749 1773 4849 contingeret,
1800 4766 1941 4848 propter
1966 4745 2046 4824 hoc

1275 4905 1300 4942 „
1328 4877 1399 4924 non
1436 4849 1562 4926 cadant
1597 4852 1616 4924 l
1652 4853 1728 4952 jure
1763 4849 1873 4924 Feudi
1908 4845 2046 4946 iliius,

1326 4952 1382 5028 secl
1410 4952 1666 5030 nichilominus
1693 4971 1879 5028 teneantur
1903 4950 1945 5023 ad
1972 4951 2048 5026 ob·

1327 5054 1562 5134 servationem
1581 5055 1745 5134 omniurn
1765 5051 2046 5231 promplsorum.

1809 5211 1837 5254 „
1899 5179 1986 5232 enar
