4594 6070
431 371 517 470 263
728 357 1133 476 ANTQUrT.
1192 361 1424 454 MEDll
1473 369 1657 459 Acus
1871 391 1955 491 264

370 469 604 548 minationibus
642 477 813 568 valenses,
847 477 961 572 jubere
995 481 1136 552 denuoi·
1172 487 1204 557 A
1242 485 1323 580 pula
1348 493 1511 584 Pagana,
1538 493 1582 562 Φ·
1603 492 1823 590 pertingentia
1847 499 1942 594 usque
1966 499 2013 568 ad

369 601 463 668 enus,
489 599 527 648 ut
552 578 663 649 nullus
685 605 840 676 umquam
861 579 1028 672 Potestas,
1064 584 1132 654 Mt.

368 677 489 770 nister,
513 680 570 751 trel
596 676 737 776 Missus,
762 701 822 753 aut
847 683 1030 775 Famulus,
1063 707 1136 781 pre.

368 780 525 853 ditiorem
547 783 683 854 locorum
705 783 942 856 habaarm'bus
962 785 1020 878 seu
1035 789 1131 884 perci·

368 883 517 956 uentibus
542 885 686 983 aliquam
708 887 855 984 deinceps
885 888 1057 973 molestiam
1082 889 1132 960 iu·

359 983 448 1074 serre
469 986 653 1082 presumat,
687 991 814 1062 nullam
835 989 1064 1076 dislriblieuetu
1085 993 1134 1064 eis

362 1089 493 1179 sarcre,
525 1090 584 1160 vel
613 1089 741 1180 sodrum
763 1094 809 1165 ab
832 1093 879 1164 eis
904 1095 1040 1184 tollere,
1072 1115 1134 1166 aut

368 1215 471 1261 eorum
496 1194 620 1264 arbores
638 1193 821 1286 succidere,
847 1196 903 1266 vel
926 1197 1059 1292 aliquod
1081 1223 1132 1266 eo·

365 1317 436 1364 rum
455 1293 689 1392 suppellells'lis
710 1297 769 1368 vet
800 1296 918 1392 peculii
950 1297 1132 1390 invadere,

1242 587 1369 677 lecum,
1391 593 1451 686 qui
1475 593 1595 664 dieitur
1618 601 1727 690 Captet
1750 597 1839 687 Asi,
1858 627 1895 669 eu
1918 619 2024 692 utra·v

1243 713 1302 784 que
1324 711 1417 785 patee
1441 695 1552 784 Padi,
1578 721 1646 766 eum
1673 696 1787 788 insulis
1803 698 1913 794 positis
1930 700 2011 792 sua·

1242 810 1279 860 ra
1302 793 1478 886 prediblam
1509 795 1734 892 piscationem,
1767 802 1825 868 vel
1859 801 2008 898 quicquid

1241 893 1284 962 ab
1316 894 1450 990 ancisus
1473 917 1609 994 tempere
1630 921 1688 994 per
1710 899 1914 996 antiquorum
1937 909 2006 974 Re·

1239 1018 1318 1087 gum
1339 993 1399 1086 seu
1433 1001 1657 1094 Imperatorum
1687 1002 1891 1074 donationem
1922 1008 2006 1077 obsi·

1243 1093 1337 1186 nuit,
1359 1099 1419 1166 vel
1443 1102 1553 1171 Padus
1579 1101 1729 1191 invasit,
1763 1125 1824 1174 aut
1859 1105 1895 1176 in
1917 1106 2013 1194 sutu-¹

1239 1196 1514 1367 ''mimmii'’
1546 1203 1649 1274 eidem
1673 1201 1789 1296 saniir
1822 1211 1903 1276 Loco
1933 1233 2009 1280 sou·

1241 1315 1273 1364 tr
1308 1311 1418 1371 'traam

366 1417 426 1469 aur
447 1397 488 1466 de
509 1421 615 1467 eorum
637 1395 868 1496 possessionibus
890 1400 1022 1496 aliquid
1044 1421 1130 1497 pote·
1173 1397 1201 1468 B
1295 1399 1446 1474 Volumus
1466 1403 1566 1476 eriam
1592 1407 1637 1475 Θ·
1653 1405 1867 1499 concedimus,
1884 1427 1924 1480 ut
1939 1435 2006 1482 tue·

356 1497 485 1586 slative
508 1521 617 1595 rapere
640 1502 754 1598 aliqua
779 1503 946 1574 temeraria
971 1504 1130 1600 praesum·

363 1599 474 1697 priene
512 1604 656 1676 audeat.
695 1609 722 1675 5
724 1605 736 1673 i
773 1601 847 1700 quit
876 1629 954 1675 vere
988 1605 1133 1700 aliquam

365 1703 524 1800 querelam
555 1701 649 1800 super
684 1707 825 1802 aliquem
857 1723 966 1777 eorum
1006 1706 1131 1797 babet,

368 1831 428 1874 uon
450 1803 564 1900 perse
588 1806 776 1897 vindicare,
810 1827 870 1878 aut
902 1831 960 1904 per
992 1809 1132 1904 aliquem

365 1907 465 2001 legem
491 1907 665 2001 requirere,
691 1907 756 1992 uisi
776 1929 915 2003 pernes
938 1912 1128 1982 autAbba·

367 2027 430 2078 tem
465 2007 563 2104 ipsius
600 2009 818 2100 Monaslerii,
851 2009 1035 2104 presumat,
1075 2010 1132 2082 vel

361 2129 424 2204 per
447 2110 582 2196 nostrum
607 2129 665 2182 aut
691 2109 789 2208 ipstur
811 2113 953 2184 Abbatis
975 2109 1130 2207 Missum.

367 2217 440 2282 Hac
466 2213 569 2309 igitur
593 2213 698 2298 nnsira
733 2215 909 2310 perceptuli
940 2215 1131 2287 auileritate

364 2336 471 2384 omnes
493 2314 654 2411 prediblas
678 2321 788 2387 Cerceo
812 2318 857 2402 Q·
880 2318 970 2408 lesa,
995 2337 1065 2389 eum
1082 2343 1131 2388 re»
1167 2313 1202 2385 C

366 2419 425 2488 bus
449 2419 495 2489 Θ·
514 2417 677 2510 samiliis,
703 2419 866 2514 portibus,
901 2420 947 2489 (Ψ
970 2442 1131 2510 mentre,

364 2519 642 2610 dislribliouibus,
668 2521 925 2594 molendinis&
946 2523 1130 2618 piscationi·

366 2623 457 2708 bus,
499 2622 624 2718 aquis,
668 2647 884 2718 aquarumque
925 2623 1129 2710 decursim,

365 2721 544 2820 eunilisque
569 2725 661 2793 rebus
691 2722 863 2794 mobilibus
889 2722 933 2790 Θ
957 2723 1127 2792 immobili-

366 2827 425 2894 bus
447 2827 495 2895 ad
514 2823 588 2916 sans
615 2821 753 2916 scriptas
785 2827 897 2891 Certes
930 2823 976 2891 θ
1000 2823 1127 2894 lucain

283 2934 287 2944 ’
364 2925 522 3018 integrum
555 2921 807 3018 aspicientibus,
844 2921 1032 2994 divinorum
1063 2951 1128 2996 me.

364 3049 463 3095 mores
483 3043 720 3121 preceptorum,
743 3021 814 3116 soen
836 3022 923 3094 dille
946 3027 1128 3116 Coenebia,

1242 1499 1399 1592 lendina,
1424 1529 1506 1599 quae
1531 1507 1567 1576 in
1591 1513 1777 1596 Caterena,
1804 1507 1855 1590 seu
1880 1511 1916 1580 iu
1938 1514 2007 1582 ali.

1241 1601 1358 1696 quibus
1382 1603 1581 1696 fluminibus
1611 1609 1809 1705 praedillum
1844 1613 2008 1698 Meuasie·

1242 1701 1326 1772 rium
1348 1705 1500 1800 posidet,
1524 1710 1640 1784 babeat
1658 1731 1724 1782 tam
1741 1713 1877 1804 Alebus,
1895 1737 2008 1809 quatu·

1243 1827 1302 1900 que
1326 1807 1370 1876 θ
1396 1811 1553 1882 Menaclti
1574 1819 1757 1908 potestatem
1789 1813 1926 1884 levandi
1953 1833 2006 1886 at·

1242 1927 1302 1999 que
1325 1910 1523 2002 deponendi,
1548 1916 1705 2011 quousque
1727 1915 1786 1983 vel
1800 1939 1922 2010 quoquo
1938 1941 2005 1985 me.

1239 2008 1282 2075 do
1306 2031 1410 2079 mrum
1432 2014 1607 2084 decreverit
1632 2017 1806 2104 voluutas,
1825 2015 1871 2085 U*
1889 2035 2007 2110 aquae·

1241 2107 1375 2199 duflus,
1410 2115 1466 2208 qni
1491 2119 1609 2210 Bauga
1642 2115 1850 2212 liudprandi
1881 2118 2007 2189 diceba·

1241 2229 1319 2299 tur,
1354 2211 1391 2282 in
1423 2241 1527 2285 eorum
1545 2215 1594 2302 stt
1621 2217 1772 2314 peculiare
1795 2219 1842 2288 ad
1866 2217 2006 2314 irrigare·

1240 2315 1297 2382 dor
1319 2329 1402 2385 enos
1426 2315 1527 2412 ipssur
1551 2321 1762 2407 Mouaslrrii.
1786 2319 1924 2413 Sintque
1938 2344 2005 2389 emo

1241 2438 1295 2482 nes
1320 2439 1368 2484 res
1395 2415 1492 2513 ipsius
1527 2420 1719 2506 Monaslerii
1731 2471 1743 2506 ,
1777 2421 1896 2489 olibas
1927 2444 2006 2516 quo·

1239 2539 1298 2606 que
1322 2517 1368 2584 θ
1403 2521 1582 2607 Monadi,
1617 2519 1813 2614 hominesque
1842 2520 2005 2592 libellarii

1239 2615 1283 2682 (θ’
1303 2613 1396 2702 servi
1412 2617 1477 2705 sub
1501 2617 1605 2704 noslra
1630 2619 1795 2716 Imperiosi
1825 2619 2004 2709 desenfionu

1239 2712 1381 2784 munitae
1404 2735 1500 2812 atque
1522 2715 1686 2812 desensae'.
1719 2719 1823 2804 Etsi
1845 2723 2004 2815 neceffitas

1233 2813 1335 2903 suerit
1355 2821 1401 2888 de
1422 2821 1515 2890 rebus
1538 2820 1638 2916 ipfius
1663 2823 1855 2909 Muellerii
1873 2841 1934 2919 per
1950 2825 2004 2896 in·

1236 2915 1438 3012 quislrieuenc
1461 2921 1699 3018 circumquaque
1722 2923 1919 2994 manentium
1948 2929 2003 2998 bo·

1238 3043 1347 3096 norum
1381 3019 1562 3111 hominum,
1588 3022 1677 3108 sicut
1691 3027 1739 3096 de
1763 3023 1876 3110 noslris
1899 3031 2003 3123 luepu-

363 3123 560 3222 0jnsqu„
583 3123 644 3196 toci
674 3124 827 3212 Akbas,
861 3125 919 3194 vel
950 3125 1129 3223 cuicumque
1237 3117 1375 3190 cialibus
1407 3122 1499 3190 rebus
1531 3124 1580 3194 rei
1617 3124 1741 3198 ceritas
1777 3129 1965 3220 approbetur
1977 3157 2000 3218 ,-

358 3249 417 3324 pto
441 3249 576 3324 tempore
590 3225 676 3297 inibi
688 3217 883 3322 perfidenti,
910 3225 1128 3319 confirmanus
1166 3219 1199 3288 D
1237 3219 1282 3289 θ’
1297 3217 1402 3314 sueta
1426 3220 1645 3312 dfinitienem
1676 3225 1872 3320 antecessoris
1903 3230 2000 3318 nessri

363 3339 409 3400 θ’
440 3333 695 3401 corroboramus.
732 3336 848 3398 Omnes
885 3325 1012 3424 insuper
1050 3330 1127 3400 illos

361 3430 608 3529 Carpentasiur,
633 3453 710 3526 ques
726 3429 792 3528 ipse
804 3427 937 3522 sundere
954 3437 1055 3504 Locus
1068 3455 1126 3526 per

360 3533 503 3628 Precepti
523 3533 654 3628 possidet
677 3532 834 3628 paginam
865 3551 1000 3626 tempere
1031 3553 1123 3604 ante·

361 3633 480 3732 essoris
503 3634 601 3721 noslri
627 3632 835 3726 Liudpraudi
853 3631 957 3726 Regis
971 3633 1017 3702 ⁴in
1043 3636 1123 3705 Vol·

361 3741 412 3828 le,
438 3761 498 3834 que
522 3734 642 3805 dicitur
665 3733 862 3818 Autelame,
887 3734 945 3802 vel
967 3757 1040 3824 ees,
1065 3735 1123 3832 qui

350 3839 435 3932 sunt
459 3837 494 3908 in
521 3835 692 3931 Besezole‚
718 3856 785 3904 cuns
796 3833 887 3926 filiis
903 3831 1120 3933 filiabusque,

239 3977 242 3984 ·
360 3939 591 4036 agnationeque
615 3933 727 4008 cunila
749 3958 881 4024 emm,
915 3955 954 4005 ut
987 3957 1122 4036 tempere

358 4061 528 4138 opportuno
553 4037 638 4110 inibi
660 4035 843 4129 deserviant
872 4035 933 4134 ipsi
958 4039 1003 4110 (9⁸
1023 4041 1121 4138 pesle-

361 4145 391 4214 si
415 4169 518 4214 eonem
542 4141 657 4240 absque
680 4142 753 4211 ullo
771 4139 990 4212 retrailarirae
1013 4165 1120 4242 perpe.

359 4245 492 4316 tualiter
505 4271 530 4332 ς·
561 4245 605 4315 θ’
636 4248 729 4314 vada
752 4245 798 4313 ad
819 4244 1027 4340 piscandum,
1063 4273 1122 4342 qne

351 4347 493 4440 suntin
519 4346 652 4433 Ticino,
687 4344 722 4414 in
749 4345 840 4416 Rivo
874 4346 1008 4436 Peloni,
1046 4353 1119 4418 Mo·

359 4447 467 4539 rosea,
488 4447 544 4540 seu
568 4449 716 4534 vadum,
742 4449 825 4542 quad
846 4447 966 4518 dicitur
991 4455 1120 4522 buda.

356 4549 480 4638 marii,
505 4547 652 4636 Coslam,
676 4551 900 4636 Teveredum,
934 4550 980 4620 0
1004 4551 1119 4642 aliud,

355 4651 440 4750 quad
460 4650 581 4722 dicitur
604 4647 855 4740 Smemasunn,
887 4675 956 4720 curn
982 4651 1039 4722 illo
1055 4679 1115 4724 me.

356 4754 431 4844 die,
455 4753 541 4850 qued
562 4753 608 4824 ad
631 4756 743 4848 Sepem
765 4749 905 4842 dicitur,
940 4753 986 4822 O·
1011 4753 1117 4846 illud,

355 4858 441 4954 qued
471 4853 622 4928 dunello
655 4851 797 4940 dicineo,
832 4853 891 4944 seu
921 4854 1020 4926 otiam
1056 4857 1118 4931 illa

352 4960 465 5046 vada,
489 4981 572 5056 quoe
590 4955 670 5048 sunt
697 4954 730 5024 in
756 4955 847 5027 Pado
864 4957 1016 5031 balentia
1029 4960 1113 5054 prio·

354 5079 418 5133 sen
441 5061 610 5135 termiusun
626 5061 650 5131 ὸ
667 5057 751 5148 loeo,
775 5057 833 5156 qui
853 5059 1036 5134 uuoiuotnr
1050 5067 1114 5136 Pe·
1132 5051 1146 5140 l

1237 3321 1445 3418 Liudprandi
1468 3327 1573 3422 Regis
1589 3329 1685 3400 liceat
1701 3329 1854 3401 Coenebie
1870 3333 1911 3401 de
1923 3355 2000 3428 pte·

1232 3423 1309 3522 pria
1333 3429 1584 3522 congregatione
1606 3434 1770 3502 Abbatem
1786 3431 1920 3527 eligere,
1947 3434 1999 3506 itu

1234 3544 1274 3594 ut
1291 3524 1387 3619 super
1411 3553 1461 3598 eos
1485 3531 1580 3602 nulla
1604 3557 1751 3628 umquam
1779 3533 1998 3605 introducatur

1233 3625 1387 3721 persona.
1428 3632 1610 3704 statuimus
1646 3634 1770 3724 etiam,
1809 3655 1847 3704 ut
1886 3636 1997 3708 nullut

1235 3728 1443 3823 Reipublicae
1466 3733 1643 3824 Minislrr,
1679 3762 1790 3832 necque
1813 3736 1933 3833 aliquis
1957 3765 1997 3808 ea·

1225 3835 1258 3921 J
1258 3830 1418 3906 udiciaria
1454 3835 1603 3929 pueslate
1637 3835 1673 3908 in
1707 3837 1827 3908 sutilis
1856 3838 1996 3934 prediili

1235 3933 1426 4020 Monasierii
1451 3935 1625 4029 Cortibus,
1659 3941 1716 4010 vel
1739 3939 1845 4030 vicis,
1879 3939 1995 4012 liberos

1234 4059 1270 4104 ae
1297 4034 1408 4125 servos
1440 4035 1585 4134 deinceps
1618 4040 1820 4137 inquietare,
1855 4061 1914 4112 aut
1947 4043 1993 4114 ad

1233 4136 1393 4208 Placitum
1416 4141 1560 4227 trabere,
1585 4161 1644 4213 aut
1667 4142 1704 4214 in
1728 4142 1891 4240 aliquibru
1907 4141 1993 4234 flui-

1232 4240 1289 4308 bus
1311 4237 1383 4332 ejus
1414 4241 1576 4312 Placitum
1600 4263 1727 4336 tenere,
1762 4265 1820 4317 aut
1853 4244 1994 4341 aliquem

1230 4343 1395 4433 pignerare
1428 4343 1485 4412 vel
1521 4345 1683 4416 detrahere
1718 4347 1905 4441 presumat.
1942 4352 1990 4418 Ec

1231 4443 1381 4538 quicquid
1416 4465 1493 4539 pars
1528 4447 1658 4540 publica
1687 4447 1814 4542 sperare
1845 4449 1988 4544 peterit,

1229 4545 1330 4614 eideus
1351 4547 1544 4633 MonaJlerio
1556 4547 1667 4640 sanilo
1684 4550 1857 4641 secuudum
1875 4549 1992 4640 cences-

1223 4643 1341 4730 Jionem
1355 4648 1399 4716 θ’
1417 4647 1682 4740 confirmacionem
1699 4651 1906 4750 liudprandi
1923 4657 1991 4721 Re·

1224 4747 1306 4843 gis,
1340 4750 1535 4848 aliorumque
1569 4759 1696 4848 Regum
1728 4755 1785 4825 vel
1817 4759 1990 4847 imperato·

1228 4875 1328 4939 runr,
1357 4851 1511 4948 soluupui
1543 4853 1590 4925 Θ
1624 4875 1776 4952 perpetua
1804 4853 1986 4944 stabilitate

1219 4949 1417 5041 firmamus.
1457 4959 1509 5026 Et
1541 4963 1797 5054 quandocumque
1829 4955 1987 5048 ueoeffitas

1227 5053 1398 5148 muniret,
1436 5083 1538 5132 naues
1577 5057 1675 5158 ipfiua
1712 5057 1902 5232 Monasquii
1917 5077 1991 5176 'pet

1883 5185 1940 5232 sce·
