4550 6072
284 413 374 504 ιςις
614 386 988 475 orararrnrro
1026 379 1488 475 Taarrnoacrnn.
1730 331 1867 502 ,a

219 497 357 596 liriilu,
384 504 598 582 Herinrennia
618 507 733 598 fodra,
762 532 834 582 non
871 525 990 582 autent
1020 507 1071 598 ΙΑ
1107 531 1153 580 no
1180 501 1359 580 Mcxtv.
1396 503 1584 604 scriptam,
1621 503 1682 580 ubi
1718 504 1869 581 refertur

227 607 273 678 (9¹
297 608 443 698 drslriilu
469 610 662 684 arimaniae.
689 607 855 684 Fortaffis
881 610 991 685 etiarn
1107 607 1295 682 concordia
1322 606 1414 681 inita
1440 607 1545 682 inter.
1561 606 1695 706 ipsam,
1721 610 1756 681 δι
1787 611 1872 682 Ber·

228 707 403 794 vitiatum
436 710 532 786 dica's
565 710 657 788 illud
692 711 859 790 amittere.
895 716 991 788 Con·
1100 711 1254 787 'nardum
1283 709 1493 812 Episcopum
1533 709 1774 784 Parmenscnr.
1812 713 1873 783 ln.

163 887 168 896 ,
230 810 349 886 tendit
376 838 460 913 ergo
489 813 744 914 Ducangius,
775 814 869 890 nibil
895 815 992 890 aliud
1033 883 1037 890 .
1109 833 1163 888 ter
1197 831 1311 888 cetera
1347 813 1531 913 pollicitus
1567 811 1614 886 cst
1649 809 1869 912 Episcopus,

231 915 410 992 vocabulo
435 915 655 1002 Arimmaiae
680 914 895 1016 fignificari,
931 915 995 992 nifi
1109 917 1192 1014 quud
1232 916 1343 1003 nustria
1377 916 1576 989 fflimannir
1612 916 1654 984 de
1691 915 1873 986 Mantiaule

150 1027 182 1064 '·
233 1015 492 1116 obligationem
514 1017 678 1092 Valsallis
701 1017 901 1116 impolitam
919 1045 991 1090 eun·
1024 1007 1032 1174 Ι
1111 1020 1216 1089 nullos
1240 1018 1323 1090 alies
1347 1017 1444 1109 usus,
1469 1020 1525 1088 arel
1544 1015 1702 1107 fallitura
1725 1016 1870 1110 deinceps

232 1115 272 1189 iii
307 1117 551 1197 inexercitum.
589 1118 688 1194 Mihi
724 1119 887 1209 videtur,
924 1147 995 1193 non
1111 1119 1322 1216 repuifierit,
1368 1117 1432 1203 nisi
1471 1143 1546 1214 ques
1584 1116 1654 1209 ejus
1691 1114 1875 1212 usnteceffe·¹

233 1216 303 1292 boc
323 1215 458 1302 sollum,
478 1218 534 1294 sed
548 1223 583 1294 δι
599 1220 670 1294 alia
686 1245 746 1318 per
759 1221 848 1296 illurl
865 1221 996 1320 impor·
1112 1246 1162 1292 res
1185 1223 1255 1293 &a
1274 1220 1466 1313 selummodo
1492 1220 1527 1290 in
1550 1242 1654 1318 paee,
1680 1221 1725 1289 (9¹
1750 1243 1810 1289 nen
1837 1218 1873 1290 in

233 1317 327 1408 tari,
362 1319 534 1394 nimirum
571 1322 625 1419 jur
650 1321 815 1422 exigendi
842 1325 862 1396 a
888 1323 998 1398 Libe·
1108 1347 1248 1420 guerre,
1275 1351 1314 1392 ex
1339 1322 1408 1392 illis
1432 1323 1629 1394 habuerant.
1664 1322 1761 1420 Ergo
1786 1317 1873 1393 Ari·

234 1418 285 1496 eis
312 1420 539 1512 bominibus,
567 1440 709 1522 practer.
726 1423 905 1515 militare,
931 1423 1001 1497 alia
1044 1413 1074 1485 Β
1109 1425 1229 1496 manni
1257 1442 1416 1524 tempore
1439 1425 1548 1496 etiam
1578 1419 1674 1521 pacis
1697 1421 1739 1493 ad
1766 1445 1872 1520 quac·

193 1525 201 1542 '
234 1546 377 1619 quoquc
405 1521 572 1615 servitia,
604 1549 645 1598 ac
672 1525 859 1623 praecipue
886 1523 1001 1622 hospi·
1112 1525 1192 1598 dam
1220 1524 1412 1626 obsequia,
1447 1524 1614 1614 seruitia,
1639 1523 1674 1595 δι
1701 1520 1873 1595 sactiones

235 1623 330 1696 tium
352 1649 414 1720 pro
435 1623 623 1724 Principe,
642 1623 784 1725 ejusque
804 1624 999 1700 Ministris.
1112 1626 1389 1727 obligabantur.
1425 1625 1562 1724 Accipe
1588 1627 1734 1698 alteram
1762 1621 1875 1697 Char-

232 1722 428 1819 ‚Uglrellius
466 1725 710 1820 praelaudatus
745 1729 854 1800 Turn.
892 1753 927 1801 a.
961 1726 999 1801 in
1110 1745 1181 1800 tarn
1225 1727 1377 1830 ejusdem
1414 1725 1631 1801 Comitillac'
1658 1722 1872 1814 Matbildis,

236 1825 414 1922 catalogo
440 1825 645 1924 Episcopor.
673 1826 846 1904 Parmens.
873 1828 997 1926 produ·
1108 1854 1215 1922 quarn
1247 1827 1339 1902 mihi
1368 1825 1606 1926 suppeditavit
1641 1823 1774 1924 insigne
1801 1828 1873 1897 Ar·

238 1922 290 2000 cit
304 1924 475 2000 Chartam
495 1926 686 2005 Matbildia
701 1925 1001 2004 ComitilsaeAn·
1110 1927 1257 2002 cbivum
1283 1927 1551 2004 Canonicorriua
1585 1921 1869 2002 Mutinensrum.

85 2125 126 2227 ⁵.
271 2146 511 2257 Judicatum,
532 2137 756 2238 Mathillae
787 2120 1018 2256 comitissae
1039 2135 1119 2262 ¹pro
1149 2135 1408 2238 immunitate
1438 2145 1650 2238 homiuum
1681 2147 1845 2237 Roclrac

403 2267 568 2352 Sanciae
592 2270 754 2356 Mariae
779 2271 833 2388 vde
863 2265 1036 2357 Castello
1065 2269 1116 2350 ab
1145 2265 1393 2379 albergariis,
1421 2265 1583 2384 aliisque
1613 2293 1709 2354 oae-

576 2383 681 2473 ribur
713 2385 987 2486 Ministroruru
1020 2383 1215 2496 Comitis,
1243 2391 1369 2474 Anao
1402 2390 1527 2474 1108.

172 2697 175 2704 .
345 2631 420 2698 Nnr
442 2630 487 2702 ab
512 2631 732 2704 incarnatione
757 2635 891 2708 Domini
916 2639 1000 2736 Mil·
1025 2631 1077 2700 'C
1115 2633 1215 2708 minet
1236 2632 1453 2734 prenominata
1471 2631 1583 2706 Curtia
1606 2630 1723 2707 sanna
1741 2629 1853 2704 Maria
1861 2644 1877 2724 ,'

370 2728 475 2815 lefime
499 2733 673 2820 Centefimo
698 2733 820 2808 ossava
845 2741 885 2826 de
906 2743 1000 2810 Men·
1115 2761 1211 2833 neque
1235 2739 1276 2807 de
1308 2734 1535 2831 ailbergaria,
1570 2735 1689 2806 uelde
1722 2735 1792 2807 alia
1820 2732 1877 2823 sa·

235 2828 319 2924 [ι]
321 2831 418 2918 unii,
445 2833 620 2906 Indit‘iiene
636 2830 774 2934 primda
801 2845 890 2912 Dum
915 2842 1002 2934 edes·
1113 2837 1338 2911 alienaealienae·
1363 2834 1541 2932 respendere
1561 2835 1654 2928 soliti
1679 2831 1877 2923 crant,n1'fi

235 2930 359 3040 ,srt't'r
397 2933 460 2998 Dei
470 2999 475 3007 ,
495 2937 617 3002 nominc
645 2939 788 3008 Damna
822 2940 1004 3012 Mathilda
1113 2940 1159 3009 ad
1184 2937 1285 3033 ipsam
1311 2937 1478 3011 tenebam.
1504 2933 1606 3021 aest
1636 2935 1711 3033 quir
1747 2935 1874 3006 illerum

242 3031 308 3100 Dra
346 3027 465 3096 Gratia
500 3030 673 3104 Ducatrix
714 3034 749 3104 δε
788 3035 1005 3128 Comitiffa,
1115 3037 1242 3128 aliquid
1266 3037 1309 3108 de
1336 3037 1560 3112 Arimanniis
1586 3037 1725 3128 babent,
1750 3057 1807 3108 aut
1833 3034 1876 3109 de

243 3126 470 3200 Marclrionis
497 3127 675 3206 Bonisacii
712 3131 810 3224 filia,
846 3134 883 3207 in
917 3137 1005 3226 laea,
1116 3133 1341 3208 Arimanniis
1361 3133 1568 3232 respondere
1586 3137 1747 3227 deberet,
1768 3137 1880 3228 secun-

244 3228 303 3324 qui
341 3227 462 3300 dicitur
496 3234 610 3302 Mente
649 3237 866 3328 Baranzoni,
902 3237 1007 3336 ibique
1049 3263 1050 3268 ¹
1115 3239 1193 3306 diam
1219 3235 1303 3332 qued
1336 3231 1432 3327 effer,
1467 3251 1529 3308 aut
1563 3233 1673 3332 ipsam
1710 3236 1879 3309 Ariman-
2014 3257 2021 3270 ·

245 3356 315 3410 curn
340 3355 378 3402 ra
403 3330 579 3402 Raiaerius
598 3331 694 3424 filius
728 3338 935 3432 Balgarcsli,
964 3346 1005 3412 U·
1118 3335 1215 3410 niam
1242 3336 1473 3426 dimitteret,
1498 3355 1535 3406 ut
1568 3339 1677 3406 damus
1704 3335 1880 3431 suprascri-

242 3456 286 3528 ga
309 3432 350 3502 de
375 3432 610 3525 maginfredo,
630 3435 843 3518 Raimundur
858 3443 899 3512 de
925 3442 1006 3514 Bai·
1115 3458 1173 3537 pte
1197 3437 1303 3510 Rocbe
1329 3461 1390 3508 raon
1417 3435 1661 3532 impedirentur.
1685 3434 1753 3506 'His
1785 3435 1880 3514 audi·

156 3555 159 3560 ·
239 3532 303 3624 se,
331 3535 517 3606 Bernurdur
542 3541 814 3632 Beneventanus,
850 3541 1008 3615 Girardus
1049 3537 1084 3606 D
1118 3541 1163 3613 tis
1196 3567 1264 3612 ana
1299 3565 1367 3610 eum
1401 3564 1454 3609 cun
1469 3536 1526 3608 rlin
1560 3537 1788 3634 Sapientiam,
1823 3537 1880 3632 qui

243 3634 285 3706 de
310 3633 411 3723 Bosa,
433 3634 594 3730 sginulfur
609 3640 650 3708 de
671 3645 874 3733 Gandareta,
899 3645 1013 3717 andt-
1120 3641 1166 3714 ili
1190 3643 1350 3730 aderant,
1378 3638 1531 3712 laudauit
1563 3633 1779 3734 suprascripte
1811 3643 1880 3709 Da-

245 3734 329 3804 tione
350 3737 389 3804 ele
409 3739 576 3828 Mactata,
594 3745 668 3810 Ate
684 3743 725 3812 de
744 3747 912 3835 Mactata,
936 3753 1006 3819 Ar·
1119 3771 1194 3816 rnna
1220 3742 1397 3829 Metilda,
1418 3761 1455 3812 ut
1474 3739 1523 3814 ita
1548 3735 1725 3833 manfiffet,
1750 3739 1795 3808 tl·
1815 3737 1881 3836 ali·

246 3834 368 3904 dicione
391 3839 431 3904 de
456 3840 577 3926 Bebia,
604 3842 692 3912 Filii
709 3845 854 3937 Roaonis
870 3847 910 3916 de
935 3849 1008 3918 Pei·
1118 3866 1167 3915 ter
1191 3871 1253 3916 nun
1280 3842 1524 3940 impedirentur.
1561 3846 1610 3912 Et
1635 3839 1760 3936 insuper
1785 3837 1882 3913 adde·-

248 3935 350 4024 tane,
370 3935 495 4027 seilicet
519 3941 699 4014 Bellentiut
739 3947 784 4032 C?
818 3953 931 4040 Raro,
967 3947 1012 4018 Θ·
1117 3947 1170 4018 dit
1191 3967 1328 4043 penam,
1355 3945 1439 4041 quad
1454 3941 1490 4030 st
1513 3943 1625 4039 aliqua
1657 3940 1788 4038 persona
1813 3967 1882 4013 ma·

245 4037 354 4134 plures
379 4036 468 4108 alii:
493 4038 528 4110 in
554 4067 655 4114 aarum
670 4045 829 4139 presentia
855 4047 1008 4122 lamenta·
1114 4073 1185 4144 gna
1207 4065 1374 4142 parvaque
1405 4042 1624 4142 presumpserit
1649 4043 1748 4115 aliter
1775 4041 1881 4133 jacere
1929 4117 1934 4126 ,

250 4137 306 4210 vit
335 4139 496 4214 Domnus
531 4141 636 4218 Dodo
659 4147 772 4240 gratia
798 4147 863 4221 Dei
896 4149 1011 4224 Moti·
1111 4147 1186 4233 seve
1210 4151 1340 4235 Comes,
1370 4143 1444 4230 sm
1477 4143 1689 4234 Gtslsss‘isma
1718 4141 1776 4234 sm
1811 4143 1881 4214 '‘li“

248 4237 344 4314 ncnsr
384 4239 561 4342 Episcopo
599 4247 640 4316 de
687 4243 864 4322 horninibus
901 4251 1010 4324 Currit
1117 4249 1187 4320 alia
1209 4247 1365 4344 persona,
1384 4245 1469 4340 ,sciat
1490 4245 1525 4338 le
1559 4241 1791 4342 eumpasrturam
1826 4267 1882 4314 nu·

250 4341 355 4416 Rucbe
379 4341 496 4414 saniir
521 4346 634 4418 Maria
657 4348 698 4418 de
722 4349 879 4440 Castalio,
916 4352 1009 4452 quod
1118 4349 1201 4420 mine
1223 4370 1303 4445 pene
1328 4347 1444 4421 Libras
1458 4349 1570 4430 ¹decern
1592 4345 1792 4418 denariorum
1814 4350 1883 4415 Lu·

249 4439 502 4518 Ministcrialca
557 4447 716 4522 Comitia
768 4449 1012 4551 aspirabantur
1047 4458 1078 4528 E
1120 4449 1283 4540 censium,
1302 4449 1499 4522 medietatem
1529 4446 1621 4546 parti
1652 4446 1802 4544 publice,
1838 4443 1883 4515 tl·

251 4567 311 4617 eoa
337 4541 481 4640 injuste.
508 4548 729 4647 suprascripta
754 4575 859 4625 autem
885 4559 1012 4632 Dumna
1121 4553 1319 4624 medietatem
1341 4548 1481 4648 prediiie
1504 4549 1628 4645 partiat

121 4707 125 4712 .
251 4643 427 4736 Matilda,
452 4671 521 4720 eum
545 4651 656 4722 taliter
673 4653 832 4744 audivit,
852 4655 931 4745 serit
954 4685 1009 4728 ve·
1173 4651 1358 4727 Dominicur
1377 4651 1463 4746 sacri
1481 4651 1610 4726 Palatii
1627 4649 1785 4722 Notarius
1802 4647 1883 4740 scri·

251 4747 321 4818 nire
344 4742 499 4836 iuratores
525 4749 622 4845 ipsius
660 4754 863 4846 Comitatus,
893 4757 1012 4849 seilicet
1120 4753 1185 4852 pfit
1209 4781 1246 4826 err
1268 4751 1399 4846 iuffiane
1418 4751 1631 4849 suprascripte
1665 4753 1789 4820 Damae
1822 4753 1883 4818 Ca·

252 4847 424 4922 Martinus
440 4850 480 4922 de
498 4851 601 4943 Libo,
628 4855 672 4924 tl·
690 4859 942 4950 Carbenzellur,
967 4853 1013 4930 θ’
1123 4849 1236 4948 mitiss'e
1261 4853 1454 4948 Marbilde,
1480 4853 1524 4924 θ’
1552 4849 1771 4944 subscribendo
1804 4871 1884 4919 carn·

252 4949 482 5024 Fantiluttur:
521 4954 567 5024 (ν’
604 4955 816 5053 interrogauit
843 4951 919 5034 'eoe.
962 4965 1012 5032 Et
1122 4956 1246 5054 plauit.

253 5049 534 5129 truncatura
561 5056 807 5164 ¹asperatam,
841 5061 924 5156 ,aa
955 5061 1010 5138 re
1092 5029 1101 5120 l
1719 5147 1791 5226 W

1755 5173 1836 5226 aen
