4536 6064
310 481 341 492 -.
566 387 942 488 unumunurn
990 385 1512 515 numerabuntur.
1707 403 1795 512 ne

218 515 444 594 uomentem
477 514 813 612 ammentum
838 515 912 603 aa
935 514 981 588 rt-
1021 521 1058 592 a
1098 513 1219 586 mue
1257 533 1364 589 aar.
1391 515 1429 610 s.
1461 510 1592 614 utun
1622 516 1822 612 aarum
1834 546 1857 612 ,-

220 622 323 692 aeneia
348 618 395 700 dy
421 635 588 694 maantate
611 619 744 692 Doariai
762 619 836 713 sai.
862 622 983 693 Antea

215 727 307 796 ¹verb
334 721 576 821 Liu'tprandus
602 726 686 798 Rex·
707 722 791 798 Lib.
819 725 865 794 V.
891 724 981 822 Cap.
1032 749 1036 760 ·

1097 617 1241 708 tintentes
1260 615 1402 710 seilicet,
1425 641 1465 688 ne
1483 636 1542 690 ant
1560 616 1765 711 seueriffimis
1782 643 1866 706 uet-¹

1098 721 1223 792 dotibus
1256 715 1459 812 effitiantur,
1485 739 1544 790 aut
1576 719 1731 793 humanae
1749 709 1858 816 sereti-

222 845 296 918 24..
311 831 449 920 Legum
476 825 699 925 Langobard.
724 823 837 898 sanos
863 827 984 898 Gno-
1057 838 1061 847 '
1095 821 1163 892 tati
1187 823 1290 893 denuo
1316 823 1484 894 emdeliter
1507 823 1722 898 addicantur.
1758 823 1859 902 Haec

222 949 284 998 nes
303 925 397 1000 idem
419 943 578 1002 vetantes
598 952 680 1026 prae
697 926 814 1001 oculis
832 925 983 1006 muers,

223 1029 360 1128 Legem
401 1023 494 1130 banc
529 1029 795 1131 promulgavit:
817 1028 877 1100 «si
915 1028 987 1125 quis

220 1127 350 1221 [eruum
384 1132 524 1204 alienum
544 1132 617 1217 fine
649 1135 817 1204 adunate
851 1128 986 1202 Dotnini

221 1231 279 1323 sni
312 1233 527 1314 detinereris,
552 1253 712 1332 conrpanat
747 1231 887 1320 Domino
917 1227 987 1325 ejas

1091 921 1153 996 'ibi
1179 925 1267 1022 Cap.
1298 945 1381 1022 119.

1152 1024 1250 1098 Aliis
1277 1045 1395 1099 autern
1421 1023 1537 1102 modis
1561 1051 1606 1120 ex
1633 1024 1707 1124 jure
1737 1052 1778 1100 ae
1804 1025 1860 1102 di-

1101 1121 1200 1200 tione
1235 1125 1465 1202 Ecclefiarurn
1506 1128 1700 1200 evadebant
1736 1129 1861 1203 Servi.

1103 1227 1225 1301 Primo
1248 1227 1490 1330 improborum
1518 1227 1716 1304 Praelulum
1747 1227 1863 1324 vitio,
1947 1297 1949 1302 ,

225 1357 284 1430 pra
307 1333 425 1406 illicita
446 1333 672 1430 praesumtione
693 1335 820 1406 solidas
843 1337 917 1407 XX.
940 1329 988 1410 ἐν
1039 1395 1043 1404 .
1100 1329 1164 1428 qui
1192 1327 1285 1404 nihil
1321 1329 1383 1404 fibi
1411 1329 1578 1434 religioni
1614 1329 1787 1406 ducebant
1812 1333 1863 1406 E-

229 1436 295 1553 ip[e
318 1441 439 1506 Seruus
464 1457 642 1508 reuertatur
666 1439 711 1509 ad
732 1435 894 1534 preprim
920 1440 989 1508 Do-
1032 1429 1059 1498 B
1103 1429 1259 1532 piscopia
1286 1449 1347 1507 aut
1372 1431 1863 1532 Monalleriadepauperare,
1967 1497 1971 1505 .

229 1561 375 1608 sarnam:
400 1533 448 1616 &¹
474 1537 538 1634 ipse
564 1537 720 1612 Dominus
742 1535 812 1629 eiras
835 1561 907 1608 eunt
931 1536 990 1610 ha—

137 1653 140 1662 '
231 1641 324 1720 beat,
346 1636 427 1723 strat
460 1639 618 1712 voluerit.
655 1637 864 1712 Instauravit
900 1637 990 1710 hauc

232 1741 377 1812 eandem
414 1742 547 1840 Legem
584 1739 790 1814 Ludouicus
828 1742 875 1812 Il.
914 1741 992 1812 Au-

232 1837 404 1940 gullusL
450 1867 469 1914 e
506 1865 566 1938 30.
595 1841 690 1914 inter
717 1841 854 1914 additas
890 1841 909 1913 l
938 1866 993 1914 ute

233 1939 391 2040 Legibus
407 1866 726 2040 eiungebardicis,
755 1941 816 2016 ubi
849 1940 990 2016 statuit:

237 2049 280 2114 Ut
301 2069 387 2112 nemo
406 2043 740 2138 praesumat‘alterinr
762 2047 898 2114 Seruum
922 2041 995 2114 Mi-

199 2171 202 2176 ·
235 2142 366 2230 uillrum
393 2143 547 2230 Ecciefiae
581 2145 760 2236 constituere
785 2145 841 2214 uel
866 2145 996 2217 benedi-

235 2269 320 2326 etre,
346 2263 514 2340 antequam
548 2249 570 2315 ai
598 2245 733 2316 Domino
760 2243 820 2336 suo
848 2247 997 2316 tradatur

1103 1532 1196 1606 nihil
1221 1535 1353 1609 morati
1381 1534 1494 1609 minas
1520 1538 1708 1610 Canonutn
1742 1559 1782 1608 ac
1809 1537 1864 1610 ul-

1104 1634 1241 1710 tionem
1277 1633 1459 1710 divinam.
1496 1635 1636 1712 Fundos
1672 1637 1781 1712 etiam
1808 1636 1865 1712 di·

1103 1737 1333 1836 lapidabant3
1364 1757 1570 1812 ornamenta
1606 1740 1864 1836 Templorum,

1105 1863 1143 1910 ac
1171 1843 1358 1912 Servorum
1394 1835 1548 1914 l'amilias
1574 1838 1613 1914 io
1640 1839 1801 1918 affinium
1829 1867 1868 1914 a·

1104 1939 1282 2012 liorumve
1304 1941 1359 2040 jus
1385 1939 1657 2014 transferebant.
1677 1943 1790 2040 Cujus
1814 1942 1868 2018 rei

1106 2039 1381 2116 abominandum
1402 2043 1626 2142 exemplum,
1651 2059 1756 2140 atque
1776 2041 1868 2116 illud

1108 2141 1325 2240 multiplex,
1365 2142 1469 2216 nobis
1506 2142 1653 2218 exhibet
1693 2141 1870 2218 Chronici

1108 2241 1276 2318 Farfenlrs
1296 2242 1435 2318 Aublor
1457 2243 1649 2346 Gregorius
1667 2243 1869 2323 Monachus

235 2343 270 2415 in
297 2369 394 2414 manu
419 2343 587 2434 Pontifirit
621 2345 656 2416 in
683 2341 848 2419 Libertate
874 2348 997 2444 integra
1036 2347 1069 2421 C
1112 2349 1204 2420 Part.
1233 2349 1280 2416 ΙΙ.
1308 2343 1421 2418 Tomi
1458 2347 1505 2418 11.
1535 2347 1614 2419 ller.
1649 2343 1870 2424 italiana-in

234 2443 458 2542 perfiliendanr
482 2445 628 2517 mnibus
660 2447 790 2519 dietas.
819 2452 886 2519 Ner
907 2447 999 2544 poffit

236 2547 396 2620 aniane
426 2549 494 2644 post
528 2547 622 2618 illurn
652 2547 738 2618 diem
771 2549 999 2620 dominationes

231 2647 292 2744 jar
318 2647 352 2718 in
377 2673 447 2718 eant
472 2673 629 2720 exeruere:
653 2645 702 2725 s&
728 2669 802 2720 tunc
820 2649 905 2735 strat
931 2655 1000 2722 Dt-

239 2749 321 2822 mini
354 2749 507 2822 uoluntas
540 2747 603 2837 est,
628 2751 674 2822 ad
701 2747 827 2842 sarrana
851 2752 1002 2820 Ordrnern

241 2854 386 2923 erodat.
421 2851 538 2924 Mitto
564 2849 787 2948 Capitularia
821 2849 1001 2924 Ludovici

242 2950 299 3023 Pii
335 2949 373 3022 in
409 2949 498 3022 hanc
535 2973 606 3022 rem
643 2950 789 3047 legenda
824 2943 934 3022 Tom.
968 2975 1002 3048 3.
1053 3011 1060 3018 .

240 3048 385 3126 Concil.
421 3049 553 3122 Gallie.
589 3050 626 3148 dr
663 3047 754 3148 apud
790 3049 1000 3122 Baluzium:

241 3175 392 3250 quorum
420 3150 536 3252 rigore
563 3148 761 3223 consultum
792 3147 838 3224 est
864 3151 1003 3230 Servis,

242 3253 299 3352 qui
321 3251 433 3350 paffirn
468 3256 520 3326 ad·
534 3255 656 3350 gradus
690 3249 917 3340 Ecclesiasticus
952 3252 1004 3322 in·
1044 3243 1078 3313 D

230 3354 374 3446 vdiscrete
397 3357 680 3452 promuebantar.
710 3352 873 3450 Denique
900 3355 1004 3425 Prae-

243 3453 333 3552 lules
367 3456 402 3527 dt
431 3455 589 3528 Abbates
625 3453 805 3551 proniores
839 3453 1004 3527 reddebat

244 3555 286 3630 ad
315 3554 471 3630 smendos
498 3559 623 3630 Servos
649 3554 804 3629 militiae
836 3552 1005 3628 Ecclesia-

245 3656 347 3730 llicae
374 3655 544 3740 adscribi,
568 3655 661 3754 quod
690 3654 783 3730 nihil
809 3653 873 3730 srbi
901 3657 1006 3748 depe-

246 3757 332 3832 tirct
358 3783 402 3829 ex
438 3757 582 3830 illorum
621 3758 761 3856 peculio
787 3759 821 3828 δε
857 3755 1005 3856 quaelli-

248 3860 331 3932 bus.
361 3861 453 3930 Nam
483 3859 496 3954 l
513 3860 566 3930 uti
593 3858 741 3932 habetur
771 3857 808 3932 in
839 3862 1007 3934 Decreta-

245 3960 340 4034 libus
367 3986 408 4032 c.·
424 3962 464 4030 de
483 3960 620 4051 famulis
646 3967 714 4032 Tre.
744 3962 920 4032 deservis
946 3986 1006 4031 non

208 4100 212 4109 ¹
241 4061 459 4158 ¹ordinandis)
479 4061 636 4158 quidquid
653 4063 773 4152 talibas
791 4061 930 4133 extiterit
950 4065 1007 4132 de·

1110 2450 1294 2545 Campone
1329 2444 1562 2545 perditillimo
1597 2446 1740 2520 Abbate
1779 2449 1872 2520 cele·

1111 2545 1376 2630 berrimiillius
1399 2547 1600 2622 Coenobii.
1624 2549 1734 2620 Erant
1753 2547 1787 2620 tr
1808 2547 1873 2620 bo-

1112 2649 1173 2732 ni,
1200 2649 1261 2746 qui
1289 2647 1518 2738 Serrossuos
1544 2649 1582 2723 in
1618 2645 1874 2748 emphyteusim

1113 2751 1235 2826 Laicis
1254 2749 1515 2824 concedebant:
1539 2751 1638 2850 cujus
1660 2747 1770 2824 etiam
1796 2775 1874 2822 mo·

1114 2851 1163 2924 ris
1188 2852 1389 2950 exemplum
1428 2873 1499 2930 non
1535 2877 1643 2939 unum
1681 2847 1808 2950 prostat
1836 2850 1874 2924 in

1115 2952 1298 3025 Cbronico
1312 2950 1520 3028 Monallerii
1535 2949 1779 3028 Vulturnenlis
1801 2953 1878 3026 Par.
1898 3009 1899 3012 ,

1117 3053 1164 3121 ll.
1190 3051 1303 3122 Tomi
1339 3055 1367 3122 1.
1395 3055 1475 3125 Rer.
1512 3055 1666 3130 Italicas.
1696 3055 1878 3128 Praeterea

1118 3175 1179 3250 per
1201 3149 1308 3222 aliam
1333 3149 1461 3222 rimam
1485 3153 1713 3230 elabebantur
1736 3155 1879 3229 Manci-

1119 3253 1177 3350 pia
1212 3247 1465 3336 Ecclefiarum,
1501 3277 1542 3324 ac
1576 3279 1695 3328 earum
1732 3253 1880 3330 servitio

1120 3353 1188 3426 sele
1206 3371 1267 3428 aut
1289 3349 1386 3425 lilios
1405 3349 1483 3426 suos
1507 3349 1777 3436 subtrahebant,
1796 3357 1880 3430 Ma-

1120 3452 1302 3528 trimoniis
1338 3477 1463 3552 nempe
1488 3452 1592 3532 initis
1627 3481 1707 3532 cum
1738 3455 1879 3534 Liberis

1122 3555 1295 3656 personis.
1318 3553 1466 3628 Alicubi
1492 3575 1585 3630 certe
1609 3556 1700 3640 filii,
1725 3553 1794 3630 live
1817 3583 1880 3654 na-

1121 3658 1297 3732 scerentur
1330 3659 1484 3729 eServo
1509 3659 1544 3730 n
1571 3657 1702 3736 Libera
1738 3657 1881 3736 Foemi-

1123 3787 1187 3841 na,
1207 3757 1276 3832 stre
1295 3784 1339 3831 ex
1360 3757 1493 3832 Libero
1512 3757 1658 3836 homine
1677 3777 1782 3859 atque
1801 3763 1882 3834 An-

1123 3860 1229 3942 cilla,
1255 3857 1464 3934 deteriorem
1501 3880 1635 3950 partem
1672 3857 1805 3962 semper
1831 3861 1883 3936 se·

1122 3960 1186 4062 qui
1227 3961 1461 4056 cogebantur,
1497 3959 1565 4035 hoc
1604 3961 1674 4046 eli,
1710 3961 1898 4038 Servituti·

1122 4077 1222 4136 erant
1248 4059 1401 4135 additti.
1427 4063 1480 4134 At
1506 4059 1615 4144 alibi,
1642 4063 1725 4137 dum
1753 4065 1883 4138 alteru-

249 4163 371 4243 lritum,
407 4181 464 4234 art
498 4161 727 4258 quomodolibet
761 4163 929 4242 collatum,
965 4163 1010 4235 eir
1053 4161 1083 4232 E
1123 4181 1178 4237 ter
1212 4189 1256 4236 ex
1293 4160 1502 4261 conjugibus
1537 4163 1722 4240 Libertate
1754 4163 1885 4238 fruere·

250 4263 284 4336 in
300 4261 447 4360 personas
471 4283 635 4336 extraneas
657 4265 867 4356 transmittere
888 4289 947 4333 non
965 4263 1009 4334 li-

251 4363 361 4452 eebit,·
390 4364 448 4455 sed
481 4365 587 4435 omnia
620 4367 664 4436 ad
694 4365 751 4456 jur
776 4364 961 4452 Ecclesiae,
988 4370 1010 4435 al

252 4491 316 4562 qna
341 4464 518 4558 manumiffl
542 4465 639 4554 lunt,
663 4465 729 4562 poll
754 4493 857 4537 entant
891 4465 1011 4537 obitum

252 4571 385 4638 debeant
407 4568 578 4662 periinere.
608 4569 662 4639 Ad
684 4567 791 4649 haec,
812 4567 893 4640 telle
912 4570 1012 4640 Con-

253 4668 341 4740 cilio
363 4667 632 4768 Aquisgranensr
655 4668 754 4744 Anni
776 4669 1013 4744 Dcccxvt.

250 4767 335 4843 ideo
362 4773 485 4843 Servos
513 4771 553 4841 ad
582 4770 675 4844 sacra
702 4793 845 4845 munera
880 4771 1013 4872 delige-

251 4870 337 4968 bant
365 4867 452 4943 sacri
492 4869 666 4968 Fullones,
690 4893 726 4943 ut
754 4871 785 4959 st
821 4879 944 4972 qnando
970 4877 1016 4944 eis

253 4970 380 5070 aliquid
403 4971 623 5042 incommodum
644 4973 795 5062 fecerint,
818 4997 877 5046 aut
892 4975 1015 5070 slipen-

252 5075 311 5148 sia
335 5093 507 5171 opportuna
525 5071 769 5196 subtraxerint,
795 5075 880 5147 nihil
911 5077 1017 5172 queri-

1122 4281 1203 4347 tur,
1225 4264 1317 4336 idem
1343 4289 1484 4362 quoque
1508 4263 1737 4364 privilegium
1763 4265 1804 4338 ad
1824 4293 1885 4339 eo-

1124 4391 1202 4441 rum
1243 4363 1393 4439 Liberos
1427 4366 1704 4443 extendebatur.
1745 4369 1886 4440 Praeter

1124 4493 1230 4566 quam
1255 4463 1349 4564 quod
1370 4491 1435 4564 per.
1452 4463 1622 4566 ejusmodi
1649 4467 1789 4567 nuptias
1815 4467 1886 4542 sae·

1126 4595 1168 4670 pe
1192 4566 1321 4649 fiebat,
1342 4581 1383 4640 ut
1410 4567 1509 4642 Servi
1533 4567 1584 4642 ita
1609 4569 1790 4670 conjugati
1815 4595 1887 4642 non

1126 4673 1267 4746 tantum
1302 4665 1438 4742 debitas
1469 4695 1593 4768 operas
1627 4669 1861 4744 detreilarent
1874 4719 1887 4754 ,

1126 4769 1183 4846 sed
1209 4773 1245 4846 &
1283 4767 1324 4845 ad
1352 4769 1595 4844 conditionem
1631 4769 1725 4844 suam
1757 4795 1889 4871 negan-

1126 4873 1207 4946 dam
1248 4870 1368 4946 sensnm
1412 4871 1662 4972 procederent.
1701 4869 1760 4944 Ell
1795 4869 1889 4946 milii

1128 4975 1167 5050 in
1194 4976 1284 5047 hanc
1314 4997 1388 5045 rem
1417 4971 1539 5047 nobile
1574 4971 1766 5074 Diploma,
1793 4970 1889 5072 quod

1127 5101 1174 5151 ex
1207 5073 1400 5174 archetypo
1434 5071 1619 5174 descripfi,
1647 5071 1815 5246 eristepte
1850 5071 1889 5148 in

1675 5177 1749 5247 Arc
1778 5173 1841 5248 iro
