4592 6066
342 422 430 505 aaa
625 369 1111 480 oraaaarnrro
1165 357 1582 475 ‘annuorum
1778 413 1860 506 „0

287 515 314 602 ,',
340 507 481 584 vertisse
507 507 550 583 ad
576 504 837 606 impediendam
864 503 1050 581 licentiam
1088 509 1125 577 A
1158 555 1184 594 ‚,
1209 529 1291 578 cum
1302 527 1424 578 ornnes
1439 501 1643 602 exsequitur
1660 503 1809 596 caussas,
1825 511 1919 606 qubd

287 660 314 702 „
341 609 469 702 illam,
499 608 860 710 consuetudinemque
886 603 1050 682 solutisli·
1132 644 1183 694 ·„
1210 605 1248 678 in
1278 625 1439 706 tempore
1465 631 1538 678 non
1567 607 1824 706 recognovisset
1850 615 1922 702 Ha·

288 763 315 802 „
341 737 457 788 mam.
483 717 607 806 Quum
636 710 733 784 enim
760 736 837 785 mos
863 707 1051 784 irroboral-
1158 757 1183 796 „
1210 709 1368 780 litamine
1396 709 1566 780 feudum:
1601 709 1695 809 quod
1722 735 1794 784 non
1821 709 1921 784 inco·

288 863 314 904 „
342 811 416 905 set,
445 832 486 888 ut
513 813 630 888 Feuda
657 838 729 886 non
755 838 835 887 raro
861 812 970 886 etiam
998 811 1051 911 ju·
1157 859 1182 896 ‚,
1209 808 1356 909 luisset3
1393 808 1487 910 qubd
1523 809 1702 886 alienandi
1736 814 1813 914 jure
1847 835 1920 887 non

288 965 314 1006 „
341 941 378 988 re
405 914 539 1014 proprii
567 914 820 1002 venderentur,
841 915 937 1012 quod
963 939 1049 1012 quo·
1158 960 1183 998 ,‚
1211 910 1405 1011 impetrato
1435 911 1620 986 licentiam
1657 911 1719 986 srbi
1756 912 1923 1014 arripuis-

272 1066 315 1113 1,,
342 1015 531 1090 dammodo
557 1043 629 1090 non
656 1013 865 1092 abhorrebat
888 1015 908 1088 b
932 1013 1050 1103 sarto,
1158 1061 1182 1100 „
1211 1009 1283 1088 set.
1320 1011 1508 1112 Quidquid
1544 1032 1662 1090 autem
1700 1013 1741 1090 sn
1767 1015 1810 1090 de
1836 1017 1922 1091 alie·

290 1167 316 1218 „
342 1115 394 1192 ita
421 1118 542 1219 juliam
569 1116 741 1194 Praesulis
763 1117 1049 1218 indignationem
1160 1163 1185 1200 „
1212 1113 1357 1189 natione
1383 1111 1445 1190 'aut
1466 1113 1675 1216 simpliciter
1698 1115 1832 1209 vetiti,
1859 1134 1922 1192 aut

194 1265 195 1269 =
289 1269 316 1318 ‚‚
343 1219 524 1312 trahebat,
542 1219 715 1296 Nicolaus
732 1219 936 1302 Patriarcha
951 1244 1048 1292 man·
1159 1264 1184 1302 ‚,
1211 1216 1349 1292 nonnisr
1385 1216 1547 1292 consulto
1584 1216 1765 1312 Praesule,
1798 1220 1835 1293 δι
1862 1246 1924 1295 au·

289 1371 315 1418 ‚,
342 1319 443 1396 davit
468 1322 631 1422 inquiri,
667 1324 703 1395 &
739 1339 899 1398 accurate
926 1321 1051 1412 cavit,
1160 1365 1186 1404 „
1212 1317 1332 1410 slore,
1364 1315 1546 1419 supersunt
1571 1320 1708 1394 affatim
1744 1321 1836 1423 apud
1861 1347 1924 1395 ve·

288 1449 385 1520 „ne
411 1424 632 1523 quotidianis
659 1423 928 1498 venditionibus
956 1421 1048 1496 usur·
1095 1435 1122 1504 Β
1161 1466 1186 1503 „
1213 1418 1374 1494 tustiorcs
1414 1421 1552 1496 Scribas
1592 1423 1756 1523 exempla
1791 1422 1924 1498 aliena·

289 1574 315 1623 ,‚
343 1545 530 1624 parenmr,
556 1528 591 1600 δι
611 1553 656 1599 ne
682 1527 722 1599 in
742 1524 974 1601 demutandae
992 1550 1050 1598 na·
1134 1543 1187 1618 1„
1213 1540 1332 1597 torum
1361 1523 1558 1598 feudorum
1586 1523 1835 1625 cujuscumque
1864 1551 1924 1626 ge·
2002 1517 2011 1528 ⁴

288 1677 316 1723 ‚,
343 1645 441 1701 turae
456 1626 645 1702 discrimen
661 1625 786 1700 adduci
798 1625 957 1726 amplius
978 1625 1049 1724 pos·
1162 1669 1187 1706 „
1215 1623 1329 1716 neris,
1365 1625 1402 1697 ἃ
1438 1623 1545 1724 usque
1580 1625 1667 1700 adeo
1703 1627 1846 1717 crebra,
1881 1643 1923 1700 ut

289 1775 316 1824 ‚,
344 1727 728 1818 sent,utGubertinus
745 1725 1049 1828 scripsrtMCCC·
1163 1771 1188 1808 n
1215 1750 1259 1798 nc
1285 1723 1430 1824 quidem
1456 1725 1562 1800 hodic
1589 1728 1609 1800 l
1637 1725 1787 1828 propriis
1813 1726 1925 1802 secer·

104 1837 109 1844 ’
202 1925 203 1928 ¹
290 1879 317 1924 „
343 1832 463 1905 LVII.
488 1829 620 1928 qdlavo
647 1829 728 1903 Idus
754 1828 906 1904 Martii.
932 1833 1063 1928 Appa
1125 1873 1189 1920 ¹„
1216 1845 1365 1921 uantur,
1392 1828 1428 1901 δε
1455 1828 1475 1900 i
1502 1827 1675 1928 plerisque
1701 1855 1773 1946 non
1800 1855 1924 1932 parum

287 1979 314 2028 „
342 1947 396 2004 ret
422 1929 512 2006 item
537 1930 626 2031 apud
652 1931 847 2007 Odoricum
868 1929 1050 2006 Susanium
1165 1973 1189 2010 n
1216 1930 1330 2004 multa
1369 1927 1528 2030 antiquis
1568 1931 1796 2031 patrimoniis
1836 1931 1927 2008 rese·

288 2081 315 2128 „
341 2031 488 2131 aliquod
502 2032 763 2133 prohibitionis
782 2051 1051 2134 argumentum,
1165 2073 1189 2112 n
1215 2050 1338 2104 rantur
1364 2049 1529 2131 accepta,
1565 2051 1606 2107 ut
1641 2051 1813 2134 quantum
1840 2033 1925 2109 inde

289 2181 315 2228 ,‚
342 2133 424 2207 dum
453 2133 620 2231 quosdam
658 2135 786 2234 Papiae
821 2133 948 2210 fundos
985 2139 1049 2208 Re·
1164 2132 1422 2212 „detrimenti
1473 2133 1708 2212 Patriarchis.
1730 2135 1926 2227 acciderit,

290 2281 315 2327 ‚,
343 2233 393 2308 tti
420 2234 631 2334 Legalisque
658 2236 768 2308 Feudi
796 2237 956 2310 articulis
982 2233 1052 2309 suis
1164 2278 1190 2314 η
1216 2233 1486 2326 Ecclcfiasticis,
1512 2235 1734 2408 oppidanis,
1759 2238 1794 2310 ἃ
1822 2236 1928 2312 civi·

154 2355 159 2368 ·
227 2354 228 2358 ’
290 2383 315 2428 ,,
342 2333 521 2426 defendit,
558 2336 600 2410 ad
636 2335 798 2410 Mensam
833 2335 1051 2412 Patriarcha·
1094 2347 1125 2419 C
1165 2379 1190 2418 n
1217 2333 1302 2425 bus,
1337 2331 1380 2418 fit
1414 2334 1507 2418 haud
1567 2335 1690 2410 lfficlle
1725 2334 1925 2414 aestlmsfe·

289 2485 315 2532 ,‚
342 2440 413 2512 lem
428 2437 615 2513 devolutos
630 2435 751 2530 fuisse,
766 2439 934 2538 quoniam
954 2443 1051 2514 Hen·
1165 2479 1190 2518 n
1217 2439 1444 2536 Quapropter
1469 2440 1636 2512 Senatum
1672 2439 1856 2532 Inclytum
1880 2437 1924 2512 ad

291 2589 316 2634 ‚,
342 2541 436 2616 ricus
467 2539 799 2641 Sopbumbergenlis
834 2567 908 2616 non
944 2541 1052 2616 modb
1165 2582 1190 2622 „
1217 2555 1354 2612 tantam
1371 2535 1630 2638 reprimendam
1648 2538 1833 2615 licentiam
1853 2565 1927 2616 non

290 2694 315 2735 ‚,
342 2641 712 2744 nonrecognoviffer,
736 2642 793 2718 sed
813 2660 945 2720 temere
964 2671 1051 2744 quo·
1165 2685 1190 2724 n
1216 2640 1400 2716 immerito
1425 2638 1562 2742 saepius
1587 2661 1821 2743 provocatum
1849 2669 1926 2744 per·

289 2795 314 2837 „
342 2771 408 2844 que
432 2762 613 2844 tamquam
641 2745 802 2848 proprios
821 2746 1051 2822 venditasset.
1165 2789 1190 2828 n
1216 2741 1404 2845 spicimus.

269 2895 313 2981 „”
341 2847 789 3018 ssffeffs‘xgmgluesubffibi}
820 2849 1053 3020 131?ssan
1214 2897 1439 2994 Prouisiones,
1466 2925 1505 2970 ne
1530 2901 1645 2974 feuda
1669 2902 1874 2975 alienentur.

289 2994 315 3035 'l
1015 2977 1050 3022 0·

288 3089 315 3136 ‚,
342 3069 441 3132 mae,
482 3044 650 3116 Natalem
692 3043 883 3114 Panceram
926 3047 1054 3118 Portus
1216 3097 1242 3132 ,‚
1267 3051 1549 3124 MCCCCLVI.
1583 3051 1831 3130 decimoslavo
1856 3057 1929 3130 Ca·

289 3194 316 3236 „
341 3142 488 3218 Gruarii
521 3141 675 3230 Civem,
713 3143 981 3216 Procuratorem
1008 3147 1052 3215 E·
1167 3189 1192 3226 „
1220 3140 1339 3214 lendas
1374 3145 1495 3242 Maji,
1535 3150 1644 3221 exllat
1680 3155 1927 3232 Decemvirale

289 3241 459 3438 alls?
476 3241 1054 3444 rualtlstll‘lttffftltt:
1097 3251 1129 3318 ¹³
1169 3289 1193 3429 :3
1219 3242 1927 3447 lifit‘tllattstd'sbltllssss

291 3495 316 3538 „
343 3441 431 3522 tiarit
459 3445 636 3544 frequenti
663 3470 784 3520 eorum
812 3445 979 3522 consensu
1002 3450 1051 3523 la·
1168 3493 1193 3532 ,‚
1220 3439 1284 3518 nis!
1313 3459 1384 3518 tres
1419 3445 1622 3520 accesserint
1657 3468 1771 3547 partes
1806 3451 1927 3528 suffra·

290 3599 315 3642 ‚,
342 3566 415 3620 tam
443 3549 672 3624 MCCCLll.
688 3545 852 3648 ¹septimo
878 3548 1052 3626 Calendas
1168 3597 1192 3633 „
1219 3543 1382 3646 giorum,
1408 3547 1443 3620 &
1470 3573 1591 3622 eorum
1618 3575 1759 3648 quoque
1784 3552 1846 3650 qui
1867 3559 1927 3628 Se·
1998 3565 2002 3570 ’

289 3700 315 3743 ,,
343 3649 592 3742 Novembris,
632 3675 702 3749 qua
745 3649 895 3725 cuilibet
936 3653 1052 3728 Feuda
1168 3699 1192 3735 „
1219 3665 1341 3722 natum
1386 3646 1573 3749 supplent.
1618 3651 1924 3730 Contrasacientcs

289 3802 316 3843 ‚,
342 3747 447 3850 ipsius
486 3749 659 3828 Ecclesiae
699 3777 763 3850 pro
803 3750 922 3826 animd
960 3754 1052 3855 judi·
1165 3801 1190 3839 „
1217 3751 1350 3824 multae
1369 3749 1704 3853 quadringentorum
1723 3759 1925 3831 Aureorum

290 3901 316 3943 „
343 3849 468 3942 canti,
503 3879 611 3950 quum
638 3850 757 3928 fatalis
784 3852 858 3929 dies
886 3875 1052 3954 urgeret,
1164 3903 1189 3940 „
1216 3851 1366 3928 obnoxii
1394 3853 1611 3955 redduntur3
1637 3857 1735 3956 cujus
1753 3856 1925 3933 remissio·
1952 3915 1954 3918 -

289 4003 316 4046 „
344 3977 455 4054 poena
482 3952 694 4050 privationis
721 3953 857 4030 indisia
883 3974 981 4058 erat3
1009 3983 1053 4032 ne
1164 4005 1188 4042 ,‚
1215 3980 1319 4045 nem,
1340 3954 1684 4054 compensationem,
1710 3958 1924 4036 dilationem

289 4053 423 4154 „quis
459 4053 586 4129 Feudis
621 4053 822 4157 hujusmodi
860 4056 981 4134 uectis
1016 4062 1052 4134 δι
1162 4105 1189 4145 „
1214 4080 1337 4130 omnes
1352 4054 1528 4132 ademtam
1548 4055 1610 4132 fibi
1626 4059 1791 4134 certiores
1810 4059 1947 4138 fiunt,

289 4207 315 4249 „
342 4155 535 4257 Legalibus
561 4155 665 4258 padio
692 4159 768 4232 ullo
793 4157 893 4235 abuti
920 4160 1051 4260 posset.
1092 4167 1120 4238 E
1213 4209 1239 4250 ‚‚
1265 4159 1546 4233 MCCCCLIX.
1564 4157 1774 4234 duodecimo
1794 4163 1925 4235 Calen-

290 4309 316 4350 „
342 4263 570 4357 Quamquam
615 4263 700 4332 verb
744 4277 860 4334 emtor
903 4261 1052 4360 pendere
1163 4307 1189 4346 „
1216 4255 1275 4330 das
1302 4257 1426 4348 Junii',
1461 4259 1666 4334 Leonatdus
1700 4265 1923 4340 Contarenuc

290 4385 472 4458 „poenas
508 4359 711 4460 privatione
739 4361 913 4462 cogendus
940 4363 1050 4458 esset,
1163 4359 1357 4448 „Patriae
1392 4359 1529 4460 Praeses
1567 4361 1726 4452 Jolaanne
1759 4363 1923 4443 Ciselino

289 4511 317 4551 „
344 4458 428 4534 satis
462 4478 582 4535 tamen
616 4459 768 4536 habebat
805 4463 944 4538 Praesul
979 4466 1051 4566 pri·
1163 4511 1189 4550 η
1216 4477 1447 4556 procurante.
1468 4462 1525 4538 cui
1543 4461 1798 4566 Soplwmbetgi
1820 4469 1923 4544 Prae-

289 4613 315 4656 „
341 4587 447 4654 vare,
482 4561 607 4638 sumtis
633 4561 735 4637 fimul
771 4563 929 4664 pluribus
956 4566 1049 4640 caus·
1162 4611 1188 4654 „
1214 4561 1383 4638 seslurarn
1405 4562 1922 4670 (Capitaneatumappellant)

289 4661 405 4758 „s1s,
441 4689 485 4738 ne
520 4664 608 4762 quid
643 4665 945 4766 benignitatis&
980 4670 1049 4744 cle·
1162 4715 1189 4755 ,‚
1215 4665 1322 4762 paulo
1361 4681 1442 4739 ante
1480 4663 1675 4740 habendam
1715 4669 1922 4760 locaverat,

289 4817 316 4861 ,‚
342 4764 497 4840 mentiae
532 4765 596 4840 stbi
634 4765 796 4848 deesset.
836 4767 957 4842 Exstat
991 4773 1049 4843 In·
1162 4817 1187 4856 ,‚
1213 4764 1343 4840 Edicto
1371 4765 1493 4858 cavit,
1529 4793 1573 4841 ne
1599 4768 1726 4866 absque
1752 4767 1804 4844 sui
1840 4773 1922 4844 Ma·

289 4919 314 4962 „
341 4867 570 4943 strumentum
591 4893 695 4942 manu
716 4867 886 4959 Iohannis
911 4869 1049 4946 Susanii
1162 4919 1187 4958 ,‚
1212 4866 1373 4966 gistratus
1401 4866 1614 4944 audioritate
1640 4871 1804 4967 cuiquam
1833 4869 1921 4942 lice·

288 4969 492 5070 „septimo
526 4970 607 5044 idus
644 4971 731 5060 Jutii
767 4973 1066 5046 mcccxcm
1161 5021 1186 5058 „
1213 4985 1267 5042 ret
1302 4995 1402 5068 agros
1437 4967 1658 5060 distrahere,
1694 4995 1758 5070 pro
1792 4967 1921 5066 quibua

289 5121 314 5166 ‚,
341 5099 412 5174 quo
438 5071 601 5148 adversius
636 5070 822 5146 Danielem
857 5071 1047 5174 Ungcispa·
1128 5085 1187 5168 2„
1213 5067 1307 5142 nihil
1334 5068 1467 5144 Census
1493 5069 1598 5145 Fisco
1621 5094 1694 5143 non
1717 5067 1920 5150 deberetur.

388 5179 478 5249 Tam.
504 5177 549 5251 sl.
1222 5171 1252 5242 Z
1657 5221 1684 5262 „
1710 5165 1871 5254 Ancum
