4536 6064
279 425 364 532 761
573 410 942 502 DISSERTATIO
984 402 1507 523 ΙρῑῘῙΝίΪΓΑΙ)ΕίἸΜΑ.
1716 427 1800 530 762

218 543 301 614 tur,
325 529 381 608 uti
402 531 439 606 δι
463 529 629 630 quasdam
653 547 783 613 terras,
807 557 892 631 quas
916 534 986 608 Bc·-
1025 535 1061 606 A
1098 527 1178 628 pia,
1198 529 1217 602 l
1234 530 1404 626 lllelpboce
1424 535 1587 606 cst-Duce
1602 531 1745 626 Spoleti,
1764 538 1865 606 Mar·

218 631 407 710 ncficiario
441 631 552 725 titulo
587 635 631 710 nb
663 631 823 710 -Ecctefia
865 633 986 710 Sentii

64 759 68 764 ·
223 735 321 812 Petri
357 734 401 810 de
436 736 632 812 Villanova
671 733 986 837 recognoscerent.

222 837 298 916 Hic
333 838 399 916 ille
422 840 582 918 Albanus
610 838 676 922 est,
702 839 903 919 marchione
932 855 987 914 at-

222 938 427 1040 guertium
462 942 565 1020 Ducis
589 941 701 1018 titulo
727 940 766 1018 in
802 940 987 1020 nonnullis

224 1041 369 1132 Chartis
395 1061 561 1126 ornatus,
578 1043 637 1124 ‘de
656 1071 729 1144 qun
755 1045 848 1120 mihi
874 1043 988 1122 sermo

223 1143 295 1220 suit
324 1147 401 1220 Par.
429 1148 457 1218 1.
483 1149 572 1242 Cap.
600 1171 661 1246 30.
689 1173 766 1247 pag.
796 1173 881 1248 293.
908 1151 989 1225 An-

223 1245 386 1346 tiquitnt.
413 1245 623 1326 Esicnstum.
662 1249 835 1324 Eum'dem
863 1277 988 1350 nempe

223 1347 267 1424 de
303 1347 537 1432 Hereditatc,
574 1349 645 1424 stuc
679 1353 798 1424 Pudere
832 1353 989 1446 inclytae
1021 1419 1030 1442 .

1096 631 1202 706 chione
1236 633 1393 724 Tusciae,
1423 634 1572 730 Principe
1605 636 1799 716 Sardiniae,
1827 659 1865 706 rr

1098 735 1197 808 totius
1231 733 1431 828 substanciae
1465 732 1645 832 comin‘ffin
1685 735 1866 810 Matbildir

1099 838 1255 910 Domino.
1277 835 1456 912 Pertlnuit
1479 835 1599 912 ecdem
1625 837 1748 913 Curris
1771 837 1863 912 olim
1886 913 1888 918 ,

1098 939 1139 1014 ed
1151 938 1272 1040 *ipsam
1286 938 1513 1016 Comitissam
1530 937 1767 1014 Mathildcm.
1786 943 1863 1012 Ex-

1100 1041 1183 1118 sullit
1202 1040 1373 1130 adhucin
1394 1040 1590 1116 Tabulario
1610 1041 1773 1140 Capituli
1791 1045 1866 1116 Ca-

1101 1145 1311 1220 nonicorum
1354 1141 1576 1244 Regiensium
1618 1143 1779 1224 Charta,
1812 1143 1866 1214 die

1099 1247 1370 1344 trimembris
1393 1246 1493 1321 Anni
1528 1249 1754 1327 MCLXXVI.
1779 1241 1867 1318 scri·

1101 1367 1183 1449 pta,
1205 1348 1245 1424 in
1265 1375 1335 1446 qus
1359 1353 1519 1422 (letardus
1544 1357 1724 1443 Rargnnus
1743 1347 1783 1418 rie
1806 1347 1866 1418 ci-

223 1449 435 1526 Comitissae
453 1449 771 1528 MathildisAnno
792 1457 989 1531 Mcxxv.
1036 1451 1064 1522 B
1100 1452 1206 1526 vitate
1242 1451 1399 1524 Mutinae
1430 1450 1567 1544 conceffit
1594 1449 1752 1534 Ecclesiae
1777 1454 1865 1520 san-

223 1545 452 1628 investiverat
492 1553 677 1630 Honorius
719 1559 767 1630 11.
810 1561 991 1632 Romanus

226 1651 417 1750 Pontifex.
446 1657 549 1728 Uxor
573 1656 675 1732 illius
702 1659 812 1734 altera
840 1659 991 1754 Comitis-

220 1755 261 1852 [α
286 1755 587 1850 ΜαεὸίΙΔίεᾹυίῒ,
613 1758 653 1836 in
679 1757 825 1836 Chartis
855 1787 992 1838 memo-

224 1857 373 1940 ratu&
394 1855 598 1934 consensum
619 1862 787 1961 praebens
806 1863 895 1940 asiis
916 1891 991 1939 ma·

224 1958 290 2034 riti
316 1956 390 2034 sui.
418 1961 536 2060 liujus
564 1965 871 2066 contemplatione
897 1965 992 2043 ucri·

225 2057 339 2134 fimile
376 2059 422 2134 cst
457 2061 588 2138 tradita
620 2063 724 2140 'suilsc
750 2068 906 2143 Albcrto
941 2067 993 2142 ei-

226 2161 306 2238 dem
334 2160 484 2240 Allodia
511 2191 550 2238 ne
577 2164 705 2240 titulos
733 2167 880 2244 senioris
910 2173 994 2244 Mn·

226 2260 376 2344 thildis,
402 2262 498 2363 quod
526 2265 648 2364 aliqua
682 2268 778 2346 inter
808 2289 994 2370 utramque

1075 1552 1170 1646 ,siae
1204 1553 1338 1652 Merice
1370 1555 1411 1625 de
1445 1555 1549 1649 Regia
1572 1573 1716 1648 quarunt
1750 1549 1867 1647 iugera

1100 1675 1202 1730 terrae
1230 1657 1265 1727 in
1293 1657 1382 1728 Villa
1409 1649 1569 1746 Gavcffae
1593 1679 1631 1726 er
1661 1651 1803 1743 ratione,
1830 1674 1869 1724 ut

1101 1758 1257 1834 canocice·
1277 1757 1382 1830 dietae
1401 1754 1557 1842 Ecclesiae
1577 1754 1762 1850 persolvunt
1782 1755 1869 1824 omni

1101 1887 1186 1934 nnnc
1211 1862 1312 1932 eidem
1334 1861 1476 1932 Gerardo
1493 1856 1553 1950 sex
1571 1857 1695 1951 solidor
1712 1857 1867 1952 Imperia-

1101 1963 1168 2034 ler.
1204 1965 1246 2036 In
1273 1959 1396 2036 eodem
1426 1956 1617 2034 Chirtario
1653 1961 1763 2033 altera
1790 1983 1869 2054 per-

1102 2088 1251 2159 gamena
1276 2061 1498 2144 adservatur,
1523 2061 1614 2135 unde
1640 2059 1866 2160 colligimus,

1102 2164 1246 2240 circiter
1268 2167 1416 2240 Annum
1441 2166 1635 2239 MCXCV.
1657 2162 1705 2236 in.
1722 2177 1868 2236 contro-

1105 2265 1212 2342 versrn
1239 2267 1389 2370 pofitum
1426 2265 1548 2347 luisse.
1574 2291 1620 2340 an
1645 2262 1768 2340 Cnrtis
1794 2267 1868 2336 Ga-

225 2362 446 2443 Mathildcm
483 2368 692 2468 conjunilio
720 2370 901 2475 sanguinis
937 2373 994 2455 in·
1031 2373 1063 2444 C
1104 2368 1215 2446 uass‘ae
1238 2373 1285 2444 cd
1310 2371 1443 2442 Curiam
1478 2365 1691 2468 pertineret,
1718 2363 1785 2438 hoc
1821 2361 1868 2438 cli

225 2463 426 2546 tcrceffilset
452 2493 496 2542 cx
527 2489 626 2568 parte
661 2474 835 2551 Beatricis
864 2475 993 2551 Ducis-

225 2567 305 2668 sac;
333 2593 444 2666 quum
479 2571 648 2657 Bratrix,
682 2575 875 2656 Mathildis
908 2583 993 2654 Mn-

226 2695 316 2768 gnae
352 2695 497 2772 parcns,
529 2675 658 2747 salicae
691 2679 845 2752 Naricnis
879 2683 990 2785 ess'et3

151 2799 154 2806 ’
226 2775 261 2844 δι
299 2769 418 2870 junior
451 2769 668 2856 Mathildie,
702 2779 849 2854 Albcrti
891 2787 992 2858 Mar-

227 2869 368 2948 chionis
392 2874 545 2968 conjux,
565 2898 637 2946 non
661 2874 756 2950 secur
780 2895 886 2976 atque
909 2887 992 2958 Mn-

228 2972 340 3052 ritus,
383 2971 575 3052 Notionem,
616 2999 657 3046 ac
696 2982 813 3073 Legem
851 2982 993 3052 Salicum

228 3072 304 3172 ipsa
338 3083 480 3170 quoque
516 3070 747 3174 profiteatur.
784 3080 827 3150 ln
862 3077 993 3156 eisdem

115 3271 119 3278 Ι
228 3171 524 3271 Antiquitatibus
564 3175 756 3252 Ellensrbus
792 3205 870 3280 pag.
910 3207 995 3282 290.

228 3274 365 3378 protuli
402 3275 648 3354 Investituram
676 3279 800 3354 Curtis
826 3283 995 3360 Gaunlsae

228 3383 340 3455 Anno
357 3379 574 3454 Mchvt.
596 3378 715 3454 datam
735 3386 877 3455 Gerardo
898 3393 994 3458 Rar-

225 3479 325 3578 gcm',
353 3477 444 3554 unde
480 3479 627 3555 celebris
662 3483 865 3586 &egregia
900 3492 995 3562 llan-

230 3607 362 3684 gonum
389 3579 569 3658 nobilium
591 3582 849 3661 Mutincnlium
877 3589 961 3690 pros
977 3633 996 3646 -

1102 2470 1146 2546 cd
1167 2469 1360 2564 Mathildis
1378 2467 1588 2546 Comirilsae
1612 2465 1867 2541 hereditatem.
2018 2555 2020 2558 Ι

1102 2573 1222 2650 Testes
1259 2599 1298 2648 en
1324 2571 1503 2648 occasione
1529 2568 1672 2645 addulli
1709 2566 1868 2642 mentio·

1103 2701 1184 2750 nem
1221 2674 1357 2750 iaciunt
1383 2674 1520 2746 Gerardi
1555 2669 1730 2770 Raugoni,
1759 2669 1867 2744 item-

1105 2803 1173 2874 que
1199 2781 1393 2849 Nrmticrum
1418 2771 1600 2870 Comitiffae
1624 2771 1672 2852 ὠ*
1699 2773 1820 2852 Derris,
1847 2774 1867 2844 d

1104 2876 1233 2976 quibus
1264 2885 1428 2974 guardam
1454 2878 1498 2947 6⁹
1519 2877 1771 2973 gualdemancta
1796 2871 1868 2948 snit

1104 2995 1196 3049 terre
1219 2977 1462 3052 controversa.
1488 2976 1582 3052 Hcic
1599 2979 1773 3050 Alienum
1794 2981 1868 3048 Der-

1103 3102 1167 3148 cenc
1192 3073 1576 3172 supramemoratum,
1601 3080 1637 3151 dc
1664 3079 1869 3150 Mathildam

1105 3174 1302 3274 Comitiffam
1328 3178 1402 3276 ejus
1439 3203 1586 3251 uxorem
1618 3179 1740 3252 videre
1777 3179 1869 3253 mihi

1105 3279 1251 3354 uideor.
1278 3283 1339 3353 Ao
1365 3279 1418 3353 ita
1445 3277 1507 3360 fit,
1535 3277 1688 3352 aliorum
1718 3279 1788 3353 elio
1815 3282 1870 3378 ju-

1106 3379 1266 3456 dicium.
1292 3387 1370 3482 Ego
1397 3379 1531 3454 interca
1557 3377 1728 3454 Chartam
1757 3381 1870 3472 ipsam

1108 3483 1325 3584 producam,
1360 3485 1396 3556 dr
1416 3501 1642 3586 argumento
1680 3483 1724 3558 de
1757 3485 1873 3556 Servis

1108 3586 1216 3662 finem
1242 3584 1396 3662 seciam.

164 3879 165 3884 Ν
231 3807 413 3918 Examen
445 3801 626 3892 Tellinm
660 3835 730 3919 pro
751 3807 965 3898 canonicis
997 3807 1192 3898 Ecclesrae
1221 3777 1425 3922 Regiensis
1455 3805 1496 3896 in
1528 3807 1791 3905 controversia
1821 3804 1872 3894 de

308 3920 420 4012 terris
448 3919 681 4044 quibusdam
713 3927 906 4020 Gavnssae
936 3959 1028 4018 eum
1062 3927 1248 4044 Robato,
1277 3929 1432 4048 circiter
1463 3931 1629 4016 Annum
1666 3955 1712 4013 ιι
1719 3955 1792 4040 95.

330 4189 425 4280 Esses
446 4191 673 4266 canonicorum
698 4192 733 4265 in
757 4194 864 4286 Causa
886 4193 1001 4270 Roba-

358 4293 407 4365 ri.
431 4299 547 4364 Petrus
570 4301 724 4390 Rmaetus
748 4296 879 4384 reflatur
897 4299 999 4380 dicit,

233 4397 314 4492 quod
350 4394 491 4466 intrauit
517 4396 551 4465 in
587 4399 745 4495 quinque,
772 4401 828 4468 vel
855 4399 913 4488 sex
938 4397 1000 4472 bu-

232 4497 341 4568 bulcas
365 4520 446 4566 terre
480 4497 603 4568 nomine
637 4499 733 4574 Cerrie
768 4501 813 4570 (Ψ
838 4501 999 4594 Regalie:

234 4598 279 4670 O*
302 4597 544 4688 malusvicinus
566 4625 635 4670 eum
656 4599 761 4698 possea
777 4602 929 4698 'expulsu
955 4608 1000 4674 O·

230 4697 337 4812 possea
374 4719 432 4794 per
469 4703 755 4774 malumvicinum·
782 4703 910 4776 tenuit.
950 4711 1001 4780 Et

238 4819 299 4872 nan
334 4801 458 4882 credit,
483 4805 567 4897 qued
594 4803 642 4888 fit
675 4812 782 4880 XXX.
816 4806 926 4879 anni:
951 4805 999 4887 &¹

235 4924 405 4997 antequam
440 4905 680 4996 Malusvicinus
717 4909 998 4990 intermitteretur,

236 5006 369 5076 audivit
405 5031 427 5074 a
449 5025 540 5099 parte
566 5009 610 5078 θ
644 5037 665 5081 a
694 5009 768 5101 suis,
799 5009 998 5102 majoribus,

234 5109 318 5200 quod
341 5108 394 5180 bec
420 5127 505 5179 terra
516 5155 527 5188 ,
547 5136 606 5204 que
630 5133 705 5182 tunc
732 5135 838 5182 nemus
863 5131 998 5202 erat,r

1109 4201 1231 4268 Senatu
1255 4191 1351 4290 usque
1375 4195 1421 4268 ad
1447 4193 1672 4266 Fluuicelluec
1707 4201 1785 4264 tota
1811 4186 1874 4270 de-

1111 4315 1209 4370 tenta
1244 4297 1289 4370 ell
1325 4294 1553 4394 &guardcta
1588 4291 1695 4392 atque
1729 4290 1874 4388 gualde-

1111 4397 1251 4472 man'ata
1291 4423 1352 4498 per
1393 4397 1551 4474 Nuntios
1587 4393 1797 4471 Comitilsae
1835 4395 1871 4464 δι

1112 4499 1244 4574 Ducis.
1473 4507 1476 4513 '

1163 4607 1259 4675 Petro
1284 4605 1365 4674 Zotc
1392 4601 1524 4691 testatur
1557 4601 1641 4672 idem
1675 4617 1711 4668 nt
1737 4604 1872 4676 Petrus,

1111 4706 1151 4776 de
1185 4723 1295 4777 tenuta
1330 4704 1375 4774 θ’
1408 4704 1539 4776 irtrcmi
1561 4729 1630 4774 rone
1666 4697 1872 4772 Malvieini:

1111 4807 1155 4877 Θ
1176 4807 1216 4878 rie
1239 4807 1353 4880 nanu
1374 4806 1478 4902 patrie
1503 4802 1551 4882 θ’
1567 4803 1695 4896 sucrum
1718 4799 1873 4892 urionem

1108 4907 1242 4980 audivit
1266 4937 1288 4980 a
1306 4908 1378 4999 suis
1413 4903 1605 4994 maioribus,
1630 4906 1715 5003 quid
1734 4926 1793 5000 pra
1816 4927 1871 4972 ne·

1110 5035 1190 5078 mere
1224 5009 1348 5089 Cerie,
1381 5009 1465 5103 quod
1499 5007 1637 5078 homines
1670 5001 1809 5098 chcffe
1833 5027 1871 5073 u·
1907 5069 1913 5080 .

1109 5107 1280 5190 rabuntur,
1310 5107 1468 5185 Nuntios
1496 5106 1706 5184 Comitillae
1731 5111 1765 5181 lit
1793 5107 1870 5224 'Du-

1770 5231 1821 5280 crs
